2546 3387
729 794 1265 903 (tuaesnones
1328 794 1808 895 metaneae.

117 1039 419 1132 Postquam
463 1063 637 1113 abhinc
675 1081 830 1128 ‘annos
871 1066 1064 1132 triginta
1097 1064 1396 1114 Jacobitzius
1431 1083 1625 1132 operam
1660 1068 1710 1113 in
1744 1063 2039 1113 emendando
2073 1063 2292 1121 Luciano
2328 1061 2424 1110 eol-

116 1157 278 1205 locare
312 1163 358 1203 et
392 1162 672 1220 apparatum
709 1157 922 1202 criticum
955 1154 1181 1221 colligere
1214 1158 1442 1221 coepit,¹]
1466 1156 1687 1223 vulgata,
1723 1173 1865 1221 quam
1901 1154 2078 1214 dicunt,
2113 1152 2302 1201 tandem
2339 1152 2422 1199 ali·

119 1245 311 1312 quando
359 1244 555 1309 explosa
597 1254 740 1311 atque
782 1262 892 1292 vera
938 1246 1170 1309 scriptura
1215 1247 1470 1294 innumeris
1515 1245 1633 1294 locis
1678 1246 1894 1293 restituta
1929 1252 2013 1293 est.
2083 1242 2183 1292 Sed
2217 1242 2267 1290 id
2302 1241 2420 1289 mihi

117 1338 272 1385 minus
316 1342 534 1383 accurate
579 1337 730 1402 egisse
774 1334 958 1381 videtur
1003 1337 1074 1382 vir
1116 1335 1440 1395 doctissimus,
1485 1344 1539 1384 ut
1584 1335 1800 1384 codicum
1847 1337 2042 1400 stirpem
2086 1336 2338 1382 extricaret
2372 1340 2419 1380 et

118 1433 293 1476 certam
336 1426 451 1474 artis
497 1426 684 1474 criticae
726 1425 850 1472 viam
895 1426 1221 1492 rationemque
1261 1425 1618 1474 demonstraret.
1687 1426 1802 1474 Huc
1836 1424 2033 1484 accedit,
2068 1422 2200 1490 quod
2237 1440 2263 1471 a
2297 1423 2418 1470 Din-

118 1515 291 1575 dortio,
325 1513 608 1574 Fritzschio,
643 1513 1056 1563 Sommerbrodtio
1093 1533 1200 1563 cum
1233 1514 1492 1575 librorum,
1535 1517 1617 1581 qni
1648 1515 1748 1581 jam
1784 1517 2110 1573 innotuerant,
2154 1515 2419 1578 scripturae

118 1606 285 1655 melius
320 1622 570 1662 excussae,
608 1613 704 1651 tum
740 1623 938 1668 prorsus
972 1607 1083 1653 novi
1117 1606 1274 1653 fontes
1308 1608 1459 1670 aperti
1495 1615 1621 1665 sunt,
1657 1624 1755 1670 quo
1791 1607 1969 1653 factum
2006 1613 2092 1663 est,
2126 1613 2179 1652 ut
2207 1603 2308 1667 jam
2343 1611 2419 1649 sat

118 1693 259 1746 bonis
291 1691 515 1745 subsidiis
550 1693 763 1744 instructi
799 1691 860 1742 ad
896 1691 1269 1744 emendationem
1303 1693 1503 1744 Luciani
1539 1693 1762 1745 accedere
1789 1695 2040 1760 possimus.
2091 1690 2419 1756 Quamobrem

120 1804 218 1835 non
252 1783 417 1834 inutile
450 1783 563 1834 mihi
598 1785 748 1833 visum
785 1791 856 1833 est
889 1782 1045 1833 denuo
1090 1785 1400 1852 investigare,
1448 1805 1572 1852 quae
1614 1787 1675 1835 sit
1710 1785 2084 1852 uniuscujusque
2128 1783 2305 1834 codicis
2351 1784 2420 1832 in-

58 1942 64 1947 ·
122 1874 274 1935 doles,
324 1873 570 1940 quomodo
605 1873 778 1940 singuli
815 1875 936 1922 inter
969 1892 1021 1922 se
1055 1873 1362 1936 cohaereant,
1399 1875 1515 1941 quid
1551 1875 1612 1924 de
1644 1874 1903 1942 archetypo
1938 1876 2079 1924 statui
2125 1874 2292 1939 possit.
2361 1871 2421 1923 ld

119 1966 275 2030 ipsum
306 1964 542 2014 desiderat
564 1962 864 2023 Dindorfius,
895 1964 977 2029 qui
1012 1965 1061 2012 in
1095 1964 1389 2029 praefatione
1424 1964 1533 2014 edit.
1590 1964 1993 2014 Tauchnitzianae
2024 1963 2118 2013 vol.
2139 1964 2178 2012 1.
2197 1962 2420 2029 pag.X1.

118 2054 236 2103 haec
269 2055 416 2103 dicat:
466 2053 649 2115 „Quod
684 2054 724 2100 si
759 2052 952 2118 quando
987 2054 1164 2101 factum
1210 2053 1523 2119 codieumque
1557 2055 1832 2113 meliorum,
1879 2071 2023 2119 saepe
2068 2056 2191 2102 inter
2225 2071 2276 2101 se
2310 2070 2422 2101 con-

120 2146 443 2204 sentientium,
487 2161 630 2209 saepe
663 2141 1058 2203 dissentientium,
1093 2146 1349 2193 auctoritas
1383 2147 1647 2194 accuratius
1683 2143 1930 2210 explorata
1965 2144 2134 2203 fuerit,
2183 2143 2244 2192 de
2277 2141 2420 2193 rebus

119 2323 438 2385 Fritzscbius,
483 2326 566 2391 qui
601 2326 648 2373 in
685 2325 931 2389 prooemio
968 2323 1188 2373 editionis
1222 2327 1504 2374 novissimae
1547 2325 1586 2373 1.
1623 2343 1732 2392 pag.
1769 2325 1908 2374 xlv.
1943 2323 2100 2384 „banc
2132 2343 2231 2374 rem
2267 2327 2315 2373 in
2349 2333 2423 2374 tot

117 2414 409 2463 voluminum
458 2416 690 2479 scriptore
737 2421 782 2461 et
827 2416 874 2462 in
921 2422 1050 2462 tanta
1097 2414 1379 2475 multorum,
1432 2416 1512 2481 qui
1558 2414 1745 2463 codices
1794 2415 2073 2474 conferunt,
2124 2413 2314 2463 levitate
2346 2414 2422 2464 vel

23 2508 26 2511 ’
118 2507 321 2552 maxime
365 2504 561 2551 arduam
609 2511 654 2550 et
698 2503 1010 2566 periculosam
1056 2510 1190 2551 esse“
1218 2504 1417 2569 judicat.
1488 2505 1544 2552 Si
1578 2504 1724 2551 nihilo
1761 2508 1914 2551 minus
1949 2522 2048 2551 rem
2092 2503 2421 2553 difficillimam

117 2602 321 2643 tractare
364 2612 538 2653 conor,
591 2591 817 2641 audacior
862 2593 1067 2641 sortasse
1099 2592 1326 2654 videbor,
1375 2594 1456 2642 sed
1503 2595 1611 2642 fore
1652 2612 1810 2659 spero,
1857 2603 1911 2642 ut
1946 2596 2080 2642 venia
2116 2593 2231 2642 mihi
2267 2594 2421 2656 detur,

117 2683 378 2732 dummodo
415 2701 475 2731 ne
508 2700 708 2746 prorsus
744 2682 899 2729 oleum
936 2690 981 2729 et
1016 2700 1209 2746 operam
1245 2683 1545 2748 perdiderim.

299 2773 444 2820 Hanc
478 2772 802 2838 quaestionem
839 2773 1092 2837 quominus
1122 2779 1269 2820 totam
1296 2772 1358 2820 ad
1384 2772 1618 2839 liquidum
1647 2771 1978 2837 perducamus,
2008 2790 2115 2820 cum
2143 2772 2193 2820 id
2221 2775 2424 2823 maxime

120 2861 294 2922 obstet,
330 2862 463 2927 quod
499 2870 545 2911 et
579 2862 658 2909 alii
694 2861 882 2910 codices
915 2862 1035 2909 alios
1069 2864 1309 2911 continent
1342 2862 1529 2911 libellos
1565 2871 1611 2911 et
1647 2863 1781 2910 multi
1816 2863 2026 2911 nondum
2063 2865 2179 2911 satis
2205 2872 2424 2913 accurate

118 2952 276 3000 collati
323 2961 461 3011 sunt,
511 2951 770 2999 artioribus
816 2950 992 2999 linibus
1025 2954 1317 3015 provinciam
1363 2961 1577 3001 nostram
1622 2952 2064 3001 circumscribamus
2109 2970 2301 3002 necesse
2335 2962 2421 3014 est,

268 3151 299 3194 ¹)
325 3151 499 3184 Lucianus
526 3161 569 3184 ex
598 3152 807 3184 recensione
835 3149 949 3185 Caroli
974 3150 1135 3184 Jacobitz
1163 3150 1246 3184 voli.
1275 3151 1306 3185 4.
1335 3152 1473 3195 Lipsiae
1505 3151 1751 3186 1886—1841.

1889 3224 1908 3263 1
