<?xml version="1.0" encoding="UTF-8"?>
<!DOCTYPE html PUBLIC "-//W3C//DTD XHTML 1.0 Transitional//EN"
    "http://www.w3.org/TR/xhtml1/DTD/xhtml1-transitional.dtd">
<html xmlns="http://www.w3.org/1999/xhtml" xml:lang="en" lang="en">
 <head>
  <title>
</title>
<meta http-equiv="Content-Type" content="text/html;charset=utf-8" />
  <meta name='ocr-system' content='tesseract 3.04.00' />
  <meta name='ocr-capabilities' content='ocr_page ocr_carea ocr_par ocr_line ocrx_word'/>
</head>
<body>
  <div class='ocr_page' id='page_1' title='image "4766846_0031.png"; bbox 0 0 2546 3387; ppageno 0'>
   <div class='ocr_carea' id='block_1_1' title="bbox 1240 118 1307 165">
    <p class='ocr_par' dir='ltr' id='par_1_1' title="bbox 1240 118 1307 165">
     <span class='ocr_line' id='line_1_1' title="bbox 1240 118 1307 165; baseline 0 0"><span class='ocrx_word' id='word_1_1' title='bbox 1240 118 1307 165; x_wconf 76' lang='lat'><strong>23</strong></span> 
     </span>
    </p>
   </div>
   <div class='ocr_carea' id='block_1_2' title="bbox 129 254 2423 3044">
    <p class='ocr_par' dir='ltr' id='par_1_2' title="bbox 135 254 2422 685">
     <span class='ocr_line' id='line_1_2' title="bbox 137 254 2421 327; baseline 0 -17"><span class='ocrx_word' id='word_1_2' title='bbox 137 254 383 311; x_wconf 61' lang='lat' dir='ltr'><strong>endi-‘but</strong></span> <span class='ocrx_word' id='word_1_3' title='bbox 407 255 586 321; x_wconf 64' lang='lat' dir='ltr'><strong>(Am</strong></span> <span class='ocrx_word' id='word_1_4' title='bbox 616 255 762 321; x_wconf 60' lang='lat' dir='ltr'><strong>PF)</strong></span> <span class='ocrx_word' id='word_1_5' title='bbox 794 264 904 307; x_wconf 71' lang='lat' dir='ltr'><strong>nte</strong></span> <span class='ocrx_word' id='word_1_6' title='bbox 935 256 1208 322; x_wconf 66' lang='grc' dir='ltr'><strong><em>βαίνοντες</em></strong></span> <span class='ocrx_word' id='word_1_7' title='bbox 1239 256 1407 309; x_wconf 72' lang='lat' dir='ltr'><strong>vocda</strong></span> <span class='ocrx_word' id='word_1_8' title='bbox 1441 256 1760 326; x_wconf 68' lang='lat' dir='ltr'><strong>nai-legitur,</strong></span> <span class='ocrx_word' id='word_1_9' title='bbox 1802 275 1946 326; x_wconf 75' lang='lat' dir='ltr'><strong>quan</strong></span> <span class='ocrx_word' id='word_1_10' title='bbox 1986 265 2163 309; x_wconf 70' lang='lat' dir='ltr'><strong>oe-oee</strong></span> <span class='ocrx_word' id='word_1_11' title='bbox 2202 255 2421 327; x_wconf 59' lang='lat' dir='ltr'><strong>teglat·</strong></span> 
     </span>
     <span class='ocr_line' id='line_1_3' title="bbox 135 342 2422 417; baseline 0.002 -20"><span class='ocrx_word' id='word_1_12' title='bbox 135 344 498 409; x_wconf 61' lang='lat' dir='ltr'><strong>r-teditoren.</strong></span> <span class='ocrx_word' id='word_1_13' title='bbox 565 345 684 406; x_wconf 79' lang='lat' dir='ltr'><strong>Sine</strong></span> <span class='ocrx_word' id='word_1_14' title='bbox 713 344 1030 397; x_wconf 71' lang='lat' dir='ltr'><strong>dubio-locu</strong></span> <span class='ocrx_word' id='word_1_15' title='bbox 1061 348 1127 398; x_wconf 80' lang='lat' dir='ltr'><strong>ita</strong></span> <span class='ocrx_word' id='word_1_16' title='bbox 1151 347 1454 417; x_wconf 71' lang='lat' dir='ltr'><strong>supple-du·</strong></span> <span class='ocrx_word' id='word_1_17' title='bbox 1487 354 1584 398; x_wconf 78' lang='lat' dir='ltr'><strong>est:</strong></span> <span class='ocrx_word' id='word_1_18' title='bbox 1629 342 1909 416; x_wconf 76' lang='grc' dir='ltr'><strong><em>ἀμφότερα</em></strong></span> <span class='ocrx_word' id='word_1_19' title='bbox 1951 352 2039 399; x_wconf 76' lang='grc' dir='ltr'><strong>καὶ</strong></span> <span class='ocrx_word' id='word_1_20' title='bbox 2081 345 2150 400; x_wconf 72' lang='grc' dir='ltr'><strong>τὰ</strong></span> <span class='ocrx_word' id='word_1_21' title='bbox 2182 350 2422 416; x_wconf 55' lang='lat' dir='ltr'><strong>§qh-‘r</strong></span> 
     </span>
     <span class='ocr_line' id='line_1_4' title="bbox 135 430 2420 510; baseline -0.001 -20"><span class='ocrx_word' id='word_1_22' title='bbox 135 440 226 490; x_wconf 72' lang='grc' dir='ltr'><strong>καὶ</strong></span> <span class='ocrx_word' id='word_1_23' title='bbox 256 432 324 488; x_wconf 67' lang='grc' dir='ltr'><strong>τά</strong></span> <span class='ocrx_word' id='word_1_24' title='bbox 342 430 601 504; x_wconf 72' lang='grc' dir='ltr'><strong><em>.ἆ’ρρένων</em></strong></span> <span class='ocrx_word' id='word_1_25' title='bbox 631 440 807 503; x_wconf 70' lang='grc' dir='ltr'><strong><em>δρῶσι</em></strong></span> <span class='ocrx_word' id='word_1_26' title='bbox 831 434 1184 506; x_wconf 64' lang='grc' dir='ltr'><strong><em>[βαινόμεναι]</em></strong></span> <span class='ocrx_word' id='word_1_27' title='bbox 1216 442 1304 490; x_wconf 76' lang='grc' dir='ltr'><strong>καὶ</strong></span> <span class='ocrx_word' id='word_1_28' title='bbox 1336 440 1610 504; x_wconf 74' lang='grc' dir='ltr'><strong><em>βαίνοντες</em></strong></span> <span class='ocrx_word' id='word_1_29' title='bbox 1643 439 1699 489; x_wconf 82' lang='grc' dir='ltr'><strong>ἐν</strong></span> <span class='ocrx_word' id='word_1_30' title='bbox 1732 443 1809 506; x_wconf 78' lang='grc' dir='ltr'><strong>τῷ</strong></span> <span class='ocrx_word' id='word_1_31' title='bbox 1838 440 1995 510; x_wconf 77' lang='grc' dir='ltr'><strong><em>μέρει.</em></strong></span> <span class='ocrx_word' id='word_1_32' title='bbox 2057 438 2201 489; x_wconf 74' lang='lat' dir='ltr'><strong>Conf-</strong></span> <span class='ocrx_word' id='word_1_33' title='bbox 2228 440 2420 493; x_wconf 69' lang='lat' dir='ltr'><strong>Hero·</strong></span> 
     </span>
     <span class='ocr_line' id='line_1_5' title="bbox 135 524 2422 593; baseline 0.002 -17"><span class='ocrx_word' id='word_1_34' title='bbox 135 528 209 576; x_wconf 84' lang='lat' dir='ltr'><strong>do</strong></span> <span class='ocrx_word' id='word_1_35' title='bbox 222 535 256 577; x_wconf 88' lang='lat' dir='ltr'><strong>t.</strong></span> <span class='ocrx_word' id='word_1_36' title='bbox 289 528 332 588; x_wconf 85' lang='lat'><strong>1,</strong></span> <span class='ocrx_word' id='word_1_37' title='bbox 354 528 481 576; x_wconf 71' lang='lat'><strong>102.</strong></span> <span class='ocrx_word' id='word_1_38' title='bbox 524 524 697 593; x_wconf 74' lang='grc' dir='ltr'><strong><em>πάρεξ</em></strong></span> <span class='ocrx_word' id='word_1_39' title='bbox 731 531 842 578; x_wconf 75' lang='grc' dir='ltr'><strong>τῶν</strong></span> <span class='ocrx_word' id='word_1_40' title='bbox 885 528 1238 591; x_wconf 75' lang='grc' dir='ltr'><strong><em>πολεμισιέων</em></strong></span> <span class='ocrx_word' id='word_1_41' title='bbox 1271 529 1404 591; x_wconf 79' lang='lat' dir='ltr'><strong>(seil.</strong></span> <span class='ocrx_word' id='word_1_42' title='bbox 1438 531 1648 593; x_wconf 73' lang='grc' dir='ltr'><strong>ἵππων)</strong></span> <span class='ocrx_word' id='word_1_43' title='bbox 1686 532 1732 579; x_wconf 71' lang='grc' dir='ltr'><strong>οἱ</strong></span> <span class='ocrx_word' id='word_1_44' title='bbox 1760 533 1859 593; x_wconf 67' lang='grc' dir='ltr'><strong>μὲν</strong></span> <span class='ocrx_word' id='word_1_45' title='bbox 1903 524 2284 593; x_wconf 67' lang='grc' dir='ltr'><strong><em>ἀναβαίνοντες</em></strong></span> <span class='ocrx_word' id='word_1_46' title='bbox 2325 526 2422 580; x_wconf 69' lang='grc' dir='ltr'><strong>τὰς</strong></span> 
     </span>
     <span class='ocr_line' id='line_1_6' title="bbox 135 610 1918 685; baseline 0.001 -18"><span class='ocrx_word' id='word_1_47' title='bbox 135 616 332 683; x_wconf 60' lang='grc' dir='ltr'><strong><em>θηλέας</em></strong></span> <span class='ocrx_word' id='word_1_48' title='bbox 366 610 680 680; x_wconf 75' lang='grc' dir='ltr'><strong><em>ὀκτακόσιοι,</em></strong></span> <span class='ocrx_word' id='word_1_49' title='bbox 713 619 769 667; x_wconf 70' lang='grc' dir='ltr'><strong>αἱ</strong></span> <span class='ocrx_word' id='word_1_50' title='bbox 802 619 860 668; x_wconf 67' lang='grc' dir='ltr'><strong>δὲ</strong></span> <span class='ocrx_word' id='word_1_51' title='bbox 893 614 1204 681; x_wconf 76' lang='grc' dir='ltr'><strong><em>βαινόμεναι</em></strong></span> <span class='ocrx_word' id='word_1_52' title='bbox 1238 619 1575 681; x_wconf 65' lang='grc' dir='ltr'><strong><em>ἑᾶακιςχίλιαι</em></strong></span> <span class='ocrx_word' id='word_1_53' title='bbox 1606 623 1694 669; x_wconf 78' lang='grc' dir='ltr'><strong>καὶ</strong></span> <span class='ocrx_word' id='word_1_54' title='bbox 1722 616 1918 685; x_wconf 81' lang='grc' dir='ltr'><strong><em>μύριαι.</em></strong></span> 
     </span>
    </p>

    <p class='ocr_par' dir='ltr' id='par_1_3' title="bbox 133 703 2423 1392">
     <span class='ocr_line' id='line_1_7' title="bbox 285 703 2423 773; baseline 0.002 -16"><span class='ocrx_word' id='word_1_55' title='bbox 285 707 551 761; x_wconf 64' lang='lat' dir='ltr'><strong>,Saturm</strong></span> <span class='ocrx_word' id='word_1_56' title='bbox 586 726 689 772; x_wconf 84' lang='lat' dir='ltr'><strong>cap.</strong></span> <span class='ocrx_word' id='word_1_57' title='bbox 724 710 771 755; x_wconf 85' lang='lat'><strong>7.</strong></span> <span class='ocrx_word' id='word_1_58' title='bbox 815 711 904 758; x_wconf 75' lang='grc' dir='ltr'><strong>καὶ</strong></span> <span class='ocrx_word' id='word_1_59' title='bbox 937 703 1113 760; x_wconf 70' lang='grc' dir='ltr'><strong><em>ἄλλως</em></strong></span> <span class='ocrx_word' id='word_1_60' title='bbox 1145 712 1202 759; x_wconf 71' lang='grc' dir='ltr'><strong>δὲ</strong></span> <span class='ocrx_word' id='word_1_61' title='bbox 1235 712 1411 760; x_wconf 75' lang='grc' dir='ltr'><strong><em>καλῶς</em></strong></span> <span class='ocrx_word' id='word_1_62' title='bbox 1444 710 1579 771; x_wconf 81' lang='grc' dir='ltr'><strong><em>ἔχειν</em></strong></span> <span class='ocrx_word' id='word_1_63' title='bbox 1625 706 1788 761; x_wconf 78' lang='grc' dir='ltr'><strong><em>ἐδόκει</em></strong></span> <span class='ocrx_word' id='word_1_64' title='bbox 1818 729 1908 773; x_wconf 84' lang='grc' dir='ltr'><strong>μοι</strong></span> <span class='ocrx_word' id='word_1_65' title='bbox 1941 709 2282 772; x_wconf 71' lang='grc' dir='ltr'><strong><em>διανείμαντα</em></strong></span> <span class='ocrx_word' id='word_1_66' title='bbox 2314 715 2423 761; x_wconf 63' lang='grc' dir='ltr'><strong>τοῖς</strong></span> 
     </span>
     <span class='ocr_line' id='line_1_8' title="bbox 137 787 2421 863; baseline 0 -15"><span class='ocrx_word' id='word_1_67' title='bbox 137 800 316 848; x_wconf 76' lang='grc' dir='ltr'><strong><em>παισὶν</em></strong></span> <span class='ocrx_word' id='word_1_68' title='bbox 351 787 466 849; x_wconf 81' lang='grc' dir='ltr'><strong><em>οὖσι</em></strong></span> <span class='ocrx_word' id='word_1_69' title='bbox 499 793 597 862; x_wconf 79' lang='grc' dir='ltr'><strong>τήν</strong></span> <span class='ocrx_word' id='word_1_70' title='bbox 632 790 804 863; x_wconf 83' lang='grc' dir='ltr'><strong><em>α’ρχήν</em></strong></span> <span class='ocrx_word' id='word_1_71' title='bbox 837 790 1004 849; x_wconf 74' lang='grc' dir='ltr'><strong><em>αὐτὸν</em></strong></span> <span class='ocrx_word' id='word_1_72' title='bbox 1038 791 1364 860; x_wconf 65' lang='grc' dir='ltr'><strong><em>εὐωχεῖσθαι.</em></strong></span> <span class='ocrx_word' id='word_1_73' title='bbox 1408 798 1645 848; x_wconf 72' lang='lat' dir='ltr'><strong>Saturnus</strong></span> <span class='ocrx_word' id='word_1_74' title='bbox 1671 800 1716 847; x_wconf 90' lang='lat' dir='ltr'><strong>in</strong></span> <span class='ocrx_word' id='word_1_75' title='bbox 1753 817 1811 849; x_wconf 83' lang='lat' dir='ltr'><strong>eo</strong></span> <span class='ocrx_word' id='word_1_76' title='bbox 1846 807 1933 860; x_wconf 86' lang='lat' dir='ltr'><strong>est,</strong></span> <span class='ocrx_word' id='word_1_77' title='bbox 1966 807 2029 848; x_wconf 90' lang='lat' dir='ltr'><strong>ut·</strong></span> <span class='ocrx_word' id='word_1_78' title='bbox 2051 799 2300 859; x_wconf 78' lang='lat' dir='ltr'><strong>sacerdoti,</strong></span> <span class='ocrx_word' id='word_1_79' title='bbox 2335 816 2421 849; x_wconf 78' lang='lat' dir='ltr'><strong>eur</strong></span> 
     </span>
     <span class='ocr_line' id='line_1_9' title="bbox 136 886 2417 957; baseline 0.001 -19"><span class='ocrx_word' id='word_1_80' title='bbox 136 889 248 938; x_wconf 76' lang='lat' dir='ltr'><strong>filiis</strong></span> <span class='ocrx_word' id='word_1_81' title='bbox 281 907 479 956; x_wconf 72' lang='lat' dir='ltr'><strong>regnum</strong></span> <span class='ocrx_word' id='word_1_82' title='bbox 514 890 821 948; x_wconf 85' lang='lat' dir='ltr'><strong>commiserit,</strong></span> <span class='ocrx_word' id='word_1_83' title='bbox 857 897 1074 955; x_wconf 82' lang='lat' dir='ltr'><strong>exponat.</strong></span> <span class='ocrx_word' id='word_1_84' title='bbox 1143 888 1333 951; x_wconf 83' lang='lat' dir='ltr'><strong>Quodsi</strong></span> <span class='ocrx_word' id='word_1_85' title='bbox 1367 896 1487 940; x_wconf 80' lang='grc' dir='ltr'><strong><em>παῖς</em></strong></span> <span class='ocrx_word' id='word_1_86' title='bbox 1520 889 1613 939; x_wconf 90' lang='lat' dir='ltr'><strong>hoc</strong></span> <span class='ocrx_word' id='word_1_87' title='bbox 1646 891 1751 939; x_wconf 88' lang='lat' dir='ltr'><strong>loco</strong></span> <span class='ocrx_word' id='word_1_88' title='bbox 1786 890 1910 940; x_wconf 89' lang='lat' dir='ltr'><strong>idem</strong></span> <span class='ocrx_word' id='word_1_89' title='bbox 1944 891 2092 951; x_wconf 86' lang='lat' dir='ltr'><strong>valet,</strong></span> <span class='ocrx_word' id='word_1_90' title='bbox 2126 890 2262 957; x_wconf 86' lang='lat' dir='ltr'><strong>quod</strong></span> <span class='ocrx_word' id='word_1_91' title='bbox 2290 886 2417 953; x_wconf 78' lang='grc' dir='ltr'><strong><em>ὖιός,</em></strong></span> 
     </span>
     <span class='ocr_line' id='line_1_10' title="bbox 137 967 2418 1048; baseline 0 -21"><span class='ocrx_word' id='word_1_92' title='bbox 137 967 437 1045; x_wconf 79' lang='lat' dir='ltr'><strong>participium</strong></span> <span class='ocrx_word' id='word_1_93' title='bbox 472 969 587 1029; x_wconf 80' lang='grc' dir='ltr'><strong><em>οὖσι</em></strong></span> <span class='ocrx_word' id='word_1_94' title='bbox 620 979 815 1028; x_wconf 80' lang='lat' dir='ltr'><strong>moleste</strong></span> <span class='ocrx_word' id='word_1_95' title='bbox 848 979 1084 1042; x_wconf 86' lang='lat' dir='ltr'><strong>abundat;</strong></span> <span class='ocrx_word' id='word_1_96' title='bbox 1116 979 1261 1028; x_wconf 82' lang='lat' dir='ltr'><strong>altera</strong></span> <span class='ocrx_word' id='word_1_97' title='bbox 1296 999 1408 1030; x_wconf 89' lang='lat' dir='ltr'><strong>vero</strong></span> <span class='ocrx_word' id='word_1_98' title='bbox 1442 982 1782 1046; x_wconf 80' lang='lat' dir='ltr'><strong>interpretatio,</strong></span> <span class='ocrx_word' id='word_1_99' title='bbox 1818 1000 1961 1048; x_wconf 85' lang='lat' dir='ltr'><strong>quam</strong></span> <span class='ocrx_word' id='word_1_100' title='bbox 1995 983 2099 1046; x_wconf 85' lang='lat' dir='ltr'><strong>ipsa</strong></span> <span class='ocrx_word' id='word_1_101' title='bbox 2135 979 2276 1030; x_wconf 84' lang='lat' dir='ltr'><strong>verba</strong></span> <span class='ocrx_word' id='word_1_102' title='bbox 2310 998 2418 1028; x_wconf 79' lang='lat' dir='ltr'><strong>sna·</strong></span> 
     </span>
     <span class='ocr_line' id='line_1_11' title="bbox 138 1068 2416 1138; baseline 0 -19"><span class='ocrx_word' id='word_1_103' title='bbox 138 1071 265 1131; x_wconf 87' lang='lat' dir='ltr'><strong>dent,</strong></span> <span class='ocrx_word' id='word_1_104' title='bbox 299 1071 511 1136; x_wconf 78' lang='lat' dir='ltr'><strong>„quippe</strong></span> <span class='ocrx_word' id='word_1_105' title='bbox 544 1071 627 1135; x_wconf 88' lang='lat' dir='ltr'><strong>qui</strong></span> <span class='ocrx_word' id='word_1_106' title='bbox 655 1072 790 1135; x_wconf 90' lang='lat' dir='ltr'><strong>pueri</strong></span> <span class='ocrx_word' id='word_1_107' title='bbox 826 1076 1032 1131; x_wconf 81' lang='lat' dir='ltr'><strong>essent,“</strong></span> <span class='ocrx_word' id='word_1_108' title='bbox 1066 1068 1276 1119; x_wconf 83' lang='lat' dir='ltr'><strong>absurda</strong></span> <span class='ocrx_word' id='word_1_109' title='bbox 1313 1080 1408 1133; x_wconf 89' lang='lat' dir='ltr'><strong>est,</strong></span> <span class='ocrx_word' id='word_1_110' title='bbox 1444 1072 1573 1138; x_wconf 84' lang='lat' dir='ltr'><strong>quod</strong></span> <span class='ocrx_word' id='word_1_111' title='bbox 1617 1075 1751 1138; x_wconf 88' lang='lat' dir='ltr'><strong>pueri</strong></span> <span class='ocrx_word' id='word_1_112' title='bbox 1786 1074 1975 1128; x_wconf 82' lang='lat' dir='ltr'><strong>minime</strong></span> <span class='ocrx_word' id='word_1_113' title='bbox 2008 1074 2106 1138; x_wconf 81' lang='lat' dir='ltr'><strong>apti</strong></span> <span class='ocrx_word' id='word_1_114' title='bbox 2140 1080 2297 1131; x_wconf 78' lang='lat' dir='ltr'><strong>erant,</strong></span> <span class='ocrx_word' id='word_1_115' title='bbox 2332 1073 2416 1138; x_wconf 79' lang='lat' dir='ltr'><strong>qui</strong></span> 
     </span>
     <span class='ocr_line' id='line_1_12' title="bbox 133 1154 2417 1228; baseline -0 -18"><span class='ocrx_word' id='word_1_116' title='bbox 133 1160 369 1210; x_wconf 83' lang='lat' dir='ltr'><strong>imbecillo</strong></span> <span class='ocrx_word' id='word_1_117' title='bbox 417 1162 541 1225; x_wconf 87' lang='lat' dir='ltr'><strong>patri</strong></span> <span class='ocrx_word' id='word_1_118' title='bbox 585 1159 901 1211; x_wconf 81' lang='lat' dir='ltr'><strong>succederent.</strong></span> <span class='ocrx_word' id='word_1_119' title='bbox 985 1162 1154 1228; x_wconf 85' lang='lat' dir='ltr'><strong>Itaque</strong></span> <span class='ocrx_word' id='word_1_120' title='bbox 1196 1163 1362 1225; x_wconf 74' lang='grc' dir='ltr'><strong><em>τρισίν</em></strong></span> <span class='ocrx_word' id='word_1_121' title='bbox 1411 1171 1520 1212; x_wconf 86' lang='lat' dir='ltr'><strong>ante</strong></span> <span class='ocrx_word' id='word_1_122' title='bbox 1567 1154 1680 1213; x_wconf 79' lang='grc' dir='ltr'><strong><em>οὖσι</em></strong></span> <span class='ocrx_word' id='word_1_123' title='bbox 1722 1162 2014 1211; x_wconf 80' lang='lat' dir='ltr'><strong>intercidisse</strong></span> <span class='ocrx_word' id='word_1_124' title='bbox 2057 1164 2298 1228; x_wconf 87' lang='lat' dir='ltr'><strong>suspicor,</strong></span> <span class='ocrx_word' id='word_1_125' title='bbox 2342 1161 2417 1209; x_wconf 85' lang='lat' dir='ltr'><strong>vel</strong></span> 
     </span>
     <span class='ocr_line' id='line_1_13' title="bbox 136 1247 2416 1321; baseline -0.001 -20"><span class='ocrx_word' id='word_1_126' title='bbox 136 1251 267 1319; x_wconf 79' lang='lat' dir='ltr'><strong>quod</strong></span> <span class='ocrx_word' id='word_1_127' title='bbox 303 1252 456 1301; x_wconf 89' lang='lat' dir='ltr'><strong>minus</strong></span> <span class='ocrx_word' id='word_1_128' title='bbox 490 1249 742 1319; x_wconf 87' lang='lat' dir='ltr'><strong>probabile</strong></span> <span class='ocrx_word' id='word_1_129' title='bbox 774 1251 973 1313; x_wconf 85' lang='lat' dir='ltr'><strong>videtur,</strong></span> <span class='ocrx_word' id='word_1_130' title='bbox 994 1250 1289 1319; x_wconf 64' lang='lat' dir='ltr'><strong>&gt;adjectivum</strong></span> <span class='ocrx_word' id='word_1_131' title='bbox 1323 1253 1518 1321; x_wconf 80' lang='lat' dir='ltr'><strong>aliquod</strong></span> <span class='ocrx_word' id='word_1_132' title='bbox 1552 1253 1680 1302; x_wconf 85' lang='lat' dir='ltr'><strong>velut</strong></span> <span class='ocrx_word' id='word_1_133' title='bbox 1714 1247 2036 1319; x_wconf 79' lang='grc' dir='ltr'><strong><em>ἐρ’ῥωμένοις.</em></strong></span> <span class='ocrx_word' id='word_1_134' title='bbox 2083 1255 2223 1316; x_wconf 12' lang='lat' dir='ltr'><strong>*Haec</strong></span> <span class='ocrx_word' id='word_1_135' title='bbox 2256 1252 2316 1300; x_wconf 90' lang='lat' dir='ltr'><strong>de</strong></span> <span class='ocrx_word' id='word_1_136' title='bbox 2349 1252 2416 1299; x_wconf 83' lang='lat' dir='ltr'><strong>la-</strong></span> 
     </span>
     <span class='ocr_line' id='line_1_14' title="bbox 136 1342 558 1392; baseline 0 -1"><span class='ocrx_word' id='word_1_137' title='bbox 136 1345 268 1392; x_wconf 88' lang='lat' dir='ltr'><strong>cunis</strong></span> <span class='ocrx_word' id='word_1_138' title='bbox 307 1342 558 1391; x_wconf 82' lang='lat' dir='ltr'><strong>sufficient.</strong></span> 
     </span>
    </p>

    <p class='ocr_par' dir='ltr' id='par_1_4' title="bbox 131 1432 2417 2496">
     <span class='ocr_line' id='line_1_15' title="bbox 303 1432 2416 1502; baseline -0.003 -16"><span class='ocrx_word' id='word_1_139' title='bbox 303 1434 556 1486; x_wconf 85' lang='lat' dir='ltr'><strong>Praeterea</strong></span> <span class='ocrx_word' id='word_1_140' title='bbox 591 1440 746 1481; x_wconf 88' lang='lat' dir='ltr'><strong>autem</strong></span> <span class='ocrx_word' id='word_1_141' title='bbox 781 1434 1035 1484; x_wconf 84' lang='lat' dir='ltr'><strong>innumeris</strong></span> <span class='ocrx_word' id='word_1_142' title='bbox 1067 1432 1184 1482; x_wconf 88' lang='lat' dir='ltr'><strong>locis</strong></span> <span class='ocrx_word' id='word_1_143' title='bbox 1217 1434 1418 1484; x_wconf 86' lang='lat' dir='ltr'><strong>Luciani</strong></span> <span class='ocrx_word' id='word_1_144' title='bbox 1452 1434 1595 1483; x_wconf 84' lang='lat' dir='ltr'><strong>verba</strong></span> <span class='ocrx_word' id='word_1_145' title='bbox 1632 1434 1751 1482; x_wconf 86' lang='lat' dir='ltr'><strong>adeo</strong></span> <span class='ocrx_word' id='word_1_146' title='bbox 1800 1443 2020 1502; x_wconf 87' lang='lat' dir='ltr'><strong>corrupta</strong></span> <span class='ocrx_word' id='word_1_147' title='bbox 2069 1442 2201 1494; x_wconf 83' lang='lat' dir='ltr'><strong>sunt,</strong></span> <span class='ocrx_word' id='word_1_148' title='bbox 2244 1442 2296 1479; x_wconf 87' lang='lat' dir='ltr'><strong>ut</strong></span> <span class='ocrx_word' id='word_1_149' title='bbox 2337 1448 2416 1480; x_wconf 85' lang='lat' dir='ltr'><strong>co-</strong></span> 
     </span>
     <span class='ocr_line' id='line_1_16' title="bbox 136 1524 2414 1593; baseline -0.001 -20"><span class='ocrx_word' id='word_1_150' title='bbox 136 1525 262 1574; x_wconf 88' lang='lat' dir='ltr'><strong>dices</strong></span> <span class='ocrx_word' id='word_1_151' title='bbox 296 1524 540 1573; x_wconf 12' lang='lat' dir='ltr'><strong>medelam?</strong></span> <span class='ocrx_word' id='word_1_152' title='bbox 559 1541 654 1572; x_wconf 87' lang='lat' dir='ltr'><strong>non</strong></span> <span class='ocrx_word' id='word_1_153' title='bbox 688 1524 1005 1591; x_wconf 70' lang='lat' dir='ltr'><strong>suppeditent,</strong></span> <span class='ocrx_word' id='word_1_154' title='bbox 1039 1542 1178 1593; x_wconf 85' lang='lat' dir='ltr'><strong>quos,</strong></span> <span class='ocrx_word' id='word_1_155' title='bbox 1213 1527 1320 1574; x_wconf 88' lang='lat' dir='ltr'><strong>licet</strong></span> <span class='ocrx_word' id='word_1_156' title='bbox 1354 1525 1497 1574; x_wconf 88' lang='lat' dir='ltr'><strong>rebus</strong></span> <span class='ocrx_word' id='word_1_157' title='bbox 1522 1528 1711 1573; x_wconf 90' lang='lat' dir='ltr'><strong>minutis</strong></span> <span class='ocrx_word' id='word_1_158' title='bbox 1739 1528 1859 1573; x_wconf 87' lang='lat' dir='ltr'><strong>inter</strong></span> <span class='ocrx_word' id='word_1_159' title='bbox 1892 1544 1944 1573; x_wconf 91' lang='lat' dir='ltr'><strong>se</strong></span> <span class='ocrx_word' id='word_1_160' title='bbox 1978 1526 2258 1591; x_wconf 85' lang='lat' dir='ltr'><strong>discrepent,</strong></span> <span class='ocrx_word' id='word_1_161' title='bbox 2291 1524 2414 1571; x_wconf 87' lang='lat' dir='ltr'><strong>idem</strong></span> 
     </span>
     <span class='ocr_line' id='line_1_17' title="bbox 137 1616 2413 1681; baseline -0.001 -18"><span class='ocrx_word' id='word_1_162' title='bbox 137 1633 301 1678; x_wconf 77' lang='lat' dir='ltr'><strong>omnes</strong></span> <span class='ocrx_word' id='word_1_163' title='bbox 343 1618 506 1662; x_wconf 89' lang='lat' dir='ltr'><strong>vitium</strong></span> <span class='ocrx_word' id='word_1_164' title='bbox 551 1617 750 1662; x_wconf 84' lang='lat' dir='ltr'><strong>traxisse</strong></span> <span class='ocrx_word' id='word_1_165' title='bbox 795 1617 1093 1662; x_wconf 80' lang='lat' dir='ltr'><strong>manifestum</strong></span> <span class='ocrx_word' id='word_1_166' title='bbox 1130 1625 1212 1663; x_wconf 88' lang='lat' dir='ltr'><strong>est.</strong></span> <span class='ocrx_word' id='word_1_167' title='bbox 1283 1617 1542 1674; x_wconf 81' lang='lat' dir='ltr'><strong>Conferas,</strong></span> <span class='ocrx_word' id='word_1_168' title='bbox 1578 1634 1782 1681; x_wconf 83' lang='lat' dir='ltr'><strong>quaeso,</strong></span> <span class='ocrx_word' id='word_1_169' title='bbox 1817 1618 1971 1663; x_wconf 78' lang='lat' dir='ltr'><strong>Dial.</strong></span> <span class='ocrx_word' id='word_1_170' title='bbox 2007 1625 2170 1663; x_wconf 83' lang='lat' dir='ltr'><strong>mort.</strong></span> <span class='ocrx_word' id='word_1_171' title='bbox 2205 1616 2332 1672; x_wconf 87' lang='lat' dir='ltr'><strong>XII,</strong></span> <span class='ocrx_word' id='word_1_172' title='bbox 2366 1617 2413 1660; x_wconf 75' lang='lat'><strong>3.</strong></span> 
     </span>
     <span class='ocr_line' id='line_1_18' title="bbox 134 1686 2416 1772; baseline -0.001 -17"><span class='ocrx_word' id='word_1_173' title='bbox 134 1700 480 1772; x_wconf 75' lang='grc' dir='ltr'><strong><em>ἐρ’ῥαψώδουν</em></strong></span> <span class='ocrx_word' id='word_1_174' title='bbox 514 1704 595 1753; x_wconf 77' lang='grc' dir='ltr'><strong>Α2</strong></span> <span class='ocrx_word' id='word_1_175' title='bbox 629 1704 700 1752; x_wconf 78' lang='lat' dir='ltr'><strong>C2</strong></span> <span class='ocrx_word' id='word_1_176' title='bbox 731 1706 775 1752; x_wconf 88' lang='lat' dir='ltr'>B</span> <span class='ocrx_word' id='word_1_177' title='bbox 810 1707 853 1753; x_wconf 88' lang='lat' dir='ltr'><strong>F</strong></span> <span class='ocrx_word' id='word_1_178' title='bbox 886 1706 945 1754; x_wconf 87' lang='lat' dir='ltr'><strong><em>M</em></strong></span> <span class='ocrx_word' id='word_1_179' title='bbox 977 1723 1004 1753; x_wconf 85' lang='lat' dir='ltr'><strong>a</strong></span> <span class='ocrx_word' id='word_1_180' title='bbox 1039 1724 1128 1772; x_wconf 91' lang='lat' dir='ltr'><strong>pro</strong></span> <span class='ocrx_word' id='word_1_181' title='bbox 1174 1702 1471 1771; x_wconf 63' lang='grc' dir='ltr'><strong><em>ῥαψῳδῶνς</em></strong></span> <span class='ocrx_word' id='word_1_182' title='bbox 1517 1707 1746 1754; x_wconf 88' lang='lat' dir='ltr'><strong>Timon.</strong></span> <span class='ocrx_word' id='word_1_183' title='bbox 1793 1723 1895 1772; x_wconf 89' lang='lat' dir='ltr'><strong>cap.</strong></span> <span class='ocrx_word' id='word_1_184' title='bbox 1933 1708 2010 1754; x_wconf 83' lang='lat'><strong>18.</strong></span> <span class='ocrx_word' id='word_1_185' title='bbox 2056 1708 2149 1755; x_wconf 81' lang='grc' dir='ltr'><strong>τοῦ</strong></span> <span class='ocrx_word' id='word_1_186' title='bbox 2191 1686 2416 1765; x_wconf 72' lang='grc' dir='ltr'><strong><em>κύματοζ</em></strong></span> 
     </span>
     <span class='ocr_line' id='line_1_19' title="bbox 132 1793 2413 1862; baseline -0.001 -16"><span class='ocrx_word' id='word_1_187' title='bbox 132 1797 210 1846; x_wconf 78' lang='lat' dir='ltr'><strong>Al</strong></span> <span class='ocrx_word' id='word_1_188' title='bbox 239 1797 287 1846; x_wconf 88' lang='grc'>0</span> <span class='ocrx_word' id='word_1_189' title='bbox 316 1800 440 1844; x_wconf 84' lang='grc' dir='ltr'><strong>ΨΩ</strong></span> <span class='ocrx_word' id='word_1_190' title='bbox 461 1797 506 1843; x_wconf 92' lang='lat' dir='ltr'>L</span> <span class='ocrx_word' id='word_1_191' title='bbox 543 1813 631 1861; x_wconf 90' lang='lat' dir='ltr'><strong>pro</strong></span> <span class='ocrx_word' id='word_1_192' title='bbox 667 1799 760 1845; x_wconf 86' lang='grc' dir='ltr'><strong>τοῦ</strong></span> <span class='ocrx_word' id='word_1_193' title='bbox 785 1793 991 1859; x_wconf 66' lang='grc' dir='ltr'><strong><em>κύτουςς</em></strong></span> <span class='ocrx_word' id='word_1_194' title='bbox 1023 1797 1283 1862; x_wconf 86' lang='lat' dir='ltr'><strong>Menipp.</strong></span> <span class='ocrx_word' id='word_1_195' title='bbox 1313 1814 1413 1861; x_wconf 88' lang='lat' dir='ltr'><strong>cap.</strong></span> <span class='ocrx_word' id='word_1_196' title='bbox 1444 1798 1519 1843; x_wconf 79' lang='lat'><strong>16.</strong></span> <span class='ocrx_word' id='word_1_197' title='bbox 1562 1793 1664 1861; x_wconf 77' lang='grc' dir='ltr'><strong>πρὸ</strong></span> <span class='ocrx_word' id='word_1_198' title='bbox 1699 1800 1791 1845; x_wconf 83' lang='grc' dir='ltr'><strong>τοῦ</strong></span> <span class='ocrx_word' id='word_1_199' title='bbox 1824 1799 2104 1860; x_wconf 65' lang='grc' dir='ltr'><strong><em>γίγνεσθαι</em></strong></span> <span class='ocrx_word' id='word_1_200' title='bbox 2138 1796 2413 1859; x_wconf 65' lang='grc' dir='ltr'><strong><em>(γενέσθαι</em></strong></span> 
     </span>
     <span class='ocr_line' id='line_1_20' title="bbox 140 1883 2412 1954; baseline -0.003 -16"><span class='ocrx_word' id='word_1_201' title='bbox 140 1888 274 1938; x_wconf 55' lang='grc' dir='ltr'><strong>ΦΕ*</strong></span> <span class='ocrx_word' id='word_1_202' title='bbox 298 1890 353 1937; x_wconf 84' lang='grc' dir='ltr'><em>Ω</em></span> <span class='ocrx_word' id='word_1_203' title='bbox 387 1887 432 1935; x_wconf 91' lang='lat' dir='ltr'>L</span> <span class='ocrx_word' id='word_1_204' title='bbox 466 1886 549 1952; x_wconf 90' lang='grc' dir='ltr'><strong>Μ)</strong></span> <span class='ocrx_word' id='word_1_205' title='bbox 585 1887 628 1934; x_wconf 88' lang='grc' dir='ltr'><strong>Β</strong></span> <span class='ocrx_word' id='word_1_206' title='bbox 666 1886 714 1935; x_wconf 88' lang='grc' dir='ltr'><strong>Ο</strong></span> <span class='ocrx_word' id='word_1_207' title='bbox 750 1887 798 1936; x_wconf 84' lang='lat' dir='ltr'>G</span> <span class='ocrx_word' id='word_1_208' title='bbox 837 1890 876 1935; x_wconf 88' lang='grc' dir='ltr'><em>Φ</em></span> <span class='ocrx_word' id='word_1_209' title='bbox 910 1887 982 1936; x_wconf 75' lang='lat'><strong>(3²</strong></span> <span class='ocrx_word' id='word_1_210' title='bbox 1019 1888 1063 1935; x_wconf 89' lang='lat' dir='ltr'>L</span> <span class='ocrx_word' id='word_1_211' title='bbox 1102 1891 1156 1936; x_wconf 86' lang='grc' dir='ltr'><em>Ω</em></span> <span class='ocrx_word' id='word_1_212' title='bbox 1189 1887 1248 1936; x_wconf 87' lang='grc' dir='ltr'><strong>Μ</strong></span> <span class='ocrx_word' id='word_1_213' title='bbox 1276 1904 1428 1953; x_wconf 84' lang='lat' dir='ltr'><strong>apro</strong></span> <span class='ocrx_word' id='word_1_214' title='bbox 1463 1883 1565 1951; x_wconf 81' lang='grc' dir='ltr'><strong>πρὸ</strong></span> <span class='ocrx_word' id='word_1_215' title='bbox 1600 1890 1693 1937; x_wconf 83' lang='grc' dir='ltr'><strong>τοῦ</strong></span> <span class='ocrx_word' id='word_1_216' title='bbox 1726 1888 2083 1954; x_wconf 55' lang='grc' dir='ltr'><strong>γίγνεταιςη)</strong></span> <span class='ocrx_word' id='word_1_217' title='bbox 2118 1885 2412 1948; x_wconf 65' lang='grc' dir='ltr'><strong>ΑΙωωῐιᾱζ</strong></span> 
     </span>
     <span class='ocr_line' id='line_1_21' title="bbox 138 1973 2416 2045; baseline -0.002 -17"><span class='ocrx_word' id='word_1_218' title='bbox 138 1997 239 2045; x_wconf 87' lang='lat' dir='ltr'><strong>cap.</strong></span> <span class='ocrx_word' id='word_1_219' title='bbox 274 1981 321 2027; x_wconf 85' lang='lat'><strong>2.</strong></span> <span class='ocrx_word' id='word_1_220' title='bbox 351 1978 545 2041; x_wconf 82' lang='grc' dir='ltr'><strong><em>μίνυαν</em></strong></span> <span class='ocrx_word' id='word_1_221' title='bbox 581 1973 822 2042; x_wconf 84' lang='grc' dir='ltr'><strong><em>(μήνυαν</em></strong></span> <span class='ocrx_word' id='word_1_222' title='bbox 866 1982 944 2043; x_wconf 84' lang='grc' dir='ltr'><strong>Ψ)</strong></span> <span class='ocrx_word' id='word_1_223' title='bbox 978 1977 1023 2025; x_wconf 93' lang='grc' dir='ltr'><strong>Β</strong></span> <span class='ocrx_word' id='word_1_224' title='bbox 1060 1976 1128 2026; x_wconf 87' lang='lat' dir='ltr'><strong>C¹</strong></span> <span class='ocrx_word' id='word_1_225' title='bbox 1165 1981 1220 2026; x_wconf 86' lang='grc' dir='ltr'><em>Ψ</em></span> <span class='ocrx_word' id='word_1_226' title='bbox 1251 1982 1289 2026; x_wconf 86' lang='grc' dir='ltr'><em>Φ</em></span> <span class='ocrx_word' id='word_1_227' title='bbox 1325 1979 1456 2027; x_wconf 70' lang='grc' dir='ltr'><strong>ΩἘ</strong></span> <span class='ocrx_word' id='word_1_228' title='bbox 1489 1977 1547 2025; x_wconf 92' lang='grc' dir='ltr'><strong>Μ</strong></span> <span class='ocrx_word' id='word_1_229' title='bbox 1581 1998 1607 2027; x_wconf 82' lang='lat' dir='ltr'><strong>a</strong></span> <span class='ocrx_word' id='word_1_230' title='bbox 1643 1996 1730 2043; x_wconf 94' lang='lat' dir='ltr'><strong>pro</strong></span> <span class='ocrx_word' id='word_1_231' title='bbox 1767 1980 1994 2028; x_wconf 78' lang='grc' dir='ltr'><strong><em>Μυσίαν.</em></strong></span> <span class='ocrx_word' id='word_1_232' title='bbox 2062 1980 2416 2044; x_wconf 80' lang='lat' dir='ltr'><strong>Nonnunquam</strong></span> 
     </span>
     <span class='ocr_line' id='line_1_22' title="bbox 134 2063 2417 2129; baseline 0 -11"><span class='ocrx_word' id='word_1_233' title='bbox 134 2068 374 2118; x_wconf 87' lang='lat' dir='ltr'><strong>mirabiles</strong></span> <span class='ocrx_word' id='word_1_234' title='bbox 410 2085 594 2116; x_wconf 86' lang='lat' dir='ltr'><strong>errores</strong></span> <span class='ocrx_word' id='word_1_235' title='bbox 627 2068 819 2117; x_wconf 88' lang='lat' dir='ltr'><strong>scholiis</strong></span> <span class='ocrx_word' id='word_1_236' title='bbox 856 2076 1152 2127; x_wconf 85' lang='lat' dir='ltr'><strong>excusantur,</strong></span> <span class='ocrx_word' id='word_1_237' title='bbox 1186 2068 1312 2116; x_wconf 88' lang='lat' dir='ltr'><strong>velut</strong></span> <span class='ocrx_word' id='word_1_238' title='bbox 1346 2069 1524 2116; x_wconf 87' lang='lat' dir='ltr'><strong>Deor.</strong></span> <span class='ocrx_word' id='word_1_239' title='bbox 1561 2068 1698 2116; x_wconf 88' lang='lat' dir='ltr'><strong>dial.</strong></span> <span class='ocrx_word' id='word_1_240' title='bbox 1726 2071 1804 2127; x_wconf 79' lang='lat'><strong>14,</strong></span> <span class='ocrx_word' id='word_1_241' title='bbox 1839 2071 1885 2116; x_wconf 83' lang='lat'><strong>2.</strong></span> <span class='ocrx_word' id='word_1_242' title='bbox 1924 2063 2031 2118; x_wconf 80' lang='grc' dir='ltr'><strong>α’πὸ</strong></span> <span class='ocrx_word' id='word_1_243' title='bbox 2066 2066 2126 2119; x_wconf 79' lang='grc' dir='ltr'><strong>τὸ</strong></span> <span class='ocrx_word' id='word_1_244' title='bbox 2160 2068 2417 2129; x_wconf 81' lang='grc' dir='ltr'><strong><em>ταυγέτον</em></strong></span> 
     </span>
     <span class='ocr_line' id='line_1_23' title="bbox 131 2153 2412 2224; baseline -0.002 -15"><span class='ocrx_word' id='word_1_245' title='bbox 131 2161 208 2209; x_wconf 81' lang='lat' dir='ltr'><strong>Al</strong></span> <span class='ocrx_word' id='word_1_246' title='bbox 234 2161 279 2208; x_wconf 90' lang='grc' dir='ltr'><strong><em>Β</em></strong></span> <span class='ocrx_word' id='word_1_247' title='bbox 316 2176 343 2206; x_wconf 88' lang='lat' dir='ltr'><strong>a</strong></span> <span class='ocrx_word' id='word_1_248' title='bbox 378 2161 459 2221; x_wconf 89' lang='lat' dir='ltr'><strong>(in</strong></span> <span class='ocrx_word' id='word_1_249' title='bbox 492 2161 534 2206; x_wconf 83' lang='lat' dir='ltr'><strong>F</strong></span> <span class='ocrx_word' id='word_1_250' title='bbox 569 2158 659 2206; x_wconf 87' lang='lat' dir='ltr'><strong>alia</strong></span> <span class='ocrx_word' id='word_1_251' title='bbox 695 2159 960 2224; x_wconf 83' lang='lat' dir='ltr'><strong>corruptela</strong></span> <span class='ocrx_word' id='word_1_252' title='bbox 996 2160 1234 2222; x_wconf 85' lang='lat' dir='ltr'><strong>cernitur)</strong></span> <span class='ocrx_word' id='word_1_253' title='bbox 1281 2176 1368 2224; x_wconf 92' lang='lat' dir='ltr'><strong>pro</strong></span> <span class='ocrx_word' id='word_1_254' title='bbox 1413 2153 1520 2207; x_wconf 73' lang='grc' dir='ltr'><strong>ἀπὸ</strong></span> <span class='ocrx_word' id='word_1_255' title='bbox 1563 2162 1656 2207; x_wconf 83' lang='grc' dir='ltr'><strong>τοῦ</strong></span> <span class='ocrx_word' id='word_1_256' title='bbox 1700 2160 1987 2221; x_wconf 62' lang='grc' dir='ltr'><strong><em>Ταϋγέτους</em></strong></span> <span class='ocrx_word' id='word_1_257' title='bbox 2038 2159 2194 2207; x_wconf 83' lang='lat' dir='ltr'><strong>Dial.</strong></span> <span class='ocrx_word' id='word_1_258' title='bbox 2245 2166 2412 2205; x_wconf 73' lang='lat' dir='ltr'><strong>mort,</strong></span> 
     </span>
     <span class='ocr_line' id='line_1_24' title="bbox 133 2241 2413 2314; baseline -0.002 -16"><span class='ocrx_word' id='word_1_259' title='bbox 133 2253 182 2310; x_wconf 81' lang='lat'><strong>5,</strong></span> <span class='ocrx_word' id='word_1_260' title='bbox 202 2253 249 2298; x_wconf 83' lang='lat'><strong>2.</strong></span> <span class='ocrx_word' id='word_1_261' title='bbox 285 2243 497 2299; x_wconf 76' lang='grc' dir='ltr'><em>Ὀἰλέως</em></span> <span class='ocrx_word' id='word_1_262' title='bbox 524 2250 568 2296; x_wconf 91' lang='grc' dir='ltr'><strong>Β</strong></span> <span class='ocrx_word' id='word_1_263' title='bbox 601 2249 649 2297; x_wconf 90' lang='grc' dir='ltr'><strong>Ο</strong></span> <span class='ocrx_word' id='word_1_264' title='bbox 681 2248 809 2298; x_wconf 74' lang='grc' dir='ltr'><strong>ΨΩ</strong></span> <span class='ocrx_word' id='word_1_265' title='bbox 840 2268 929 2314; x_wconf 92' lang='lat' dir='ltr'><strong>pro</strong></span> <span class='ocrx_word' id='word_1_266' title='bbox 965 2241 1181 2299; x_wconf 79' lang='grc' dir='ltr'><em>Ἰολέως.</em></span> <span class='ocrx_word' id='word_1_267' title='bbox 1251 2249 1389 2309; x_wconf 83' lang='lat' dir='ltr'><strong>Quae</strong></span> <span class='ocrx_word' id='word_1_268' title='bbox 1422 2267 1526 2296; x_wconf 90' lang='lat' dir='ltr'><strong>cum</strong></span> <span class='ocrx_word' id='word_1_269' title='bbox 1561 2251 1625 2296; x_wconf 88' lang='lat' dir='ltr'><strong>ita</strong></span> <span class='ocrx_word' id='word_1_270' title='bbox 1660 2251 1767 2307; x_wconf 88' lang='lat' dir='ltr'><strong>sint,</strong></span> <span class='ocrx_word' id='word_1_271' title='bbox 1801 2249 2002 2297; x_wconf 82' lang='lat' dir='ltr'><strong>Luciani</strong></span> <span class='ocrx_word' id='word_1_272' title='bbox 2038 2267 2161 2314; x_wconf 87' lang='lat' dir='ltr'><strong>quos</strong></span> <span class='ocrx_word' id='word_1_273' title='bbox 2194 2251 2413 2295; x_wconf 84' lang='lat' dir='ltr'><strong>novimus</strong></span> 
     </span>
     <span class='ocr_line' id='line_1_25' title="bbox 133 2337 2414 2405; baseline -0.001 -16"><span class='ocrx_word' id='word_1_274' title='bbox 133 2340 319 2390; x_wconf 79' lang='lat' dir='ltr'><strong>codices</strong></span> <span class='ocrx_word' id='word_1_275' title='bbox 363 2341 574 2388; x_wconf 84' lang='lat' dir='ltr'><strong>secretis</strong></span> <span class='ocrx_word' id='word_1_276' title='bbox 596 2341 684 2387; x_wconf 83' lang='lat' dir='ltr'><strong>viis</strong></span> <span class='ocrx_word' id='word_1_277' title='bbox 730 2338 791 2387; x_wconf 83' lang='lat' dir='ltr'><strong>ab</strong></span> <span class='ocrx_word' id='word_1_278' title='bbox 828 2357 880 2387; x_wconf 88' lang='lat' dir='ltr'><strong>ea</strong></span> <span class='ocrx_word' id='word_1_279' title='bbox 914 2341 1206 2405; x_wconf 81' lang='lat' dir='ltr'><strong>integr-itate,</strong></span> <span class='ocrx_word' id='word_1_280' title='bbox 1233 2357 1336 2405; x_wconf 83' lang='lat' dir='ltr'><strong>-qua</strong></span> <span class='ocrx_word' id='word_1_281' title='bbox 1371 2338 1611 2388; x_wconf 87' lang='lat' dir='ltr'><strong>Lucianus</strong></span> <span class='ocrx_word' id='word_1_282' title='bbox 1645 2340 1819 2404; x_wconf 85' lang='lat' dir='ltr'><strong>scripta</strong></span> <span class='ocrx_word' id='word_1_283' title='bbox 1854 2357 1936 2387; x_wconf 90' lang='lat' dir='ltr'><strong>sua</strong></span> <span class='ocrx_word' id='word_1_284' title='bbox 1973 2339 2316 2404; x_wconf 81' lang='lat' dir='ltr'><strong>composuerit,</strong></span> <span class='ocrx_word' id='word_1_285' title='bbox 2350 2337 2414 2386; x_wconf 77' lang='lat' dir='ltr'><strong>ad</strong></span> 
     </span>
     <span class='ocr_line' id='line_1_26' title="bbox 132 2425 1035 2496; baseline -0.003 -15"><span class='ocrx_word' id='word_1_286' title='bbox 132 2432 255 2481; x_wconf 85' lang='lat' dir='ltr'><strong>hanc</strong></span> <span class='ocrx_word' id='word_1_287' title='bbox 288 2425 575 2485; x_wconf 52' lang='lat' dir='ltr'><strong>foeditatem,</strong></span> <span class='ocrx_word' id='word_1_288' title='bbox 596 2431 865 2496; x_wconf 81' lang='lat' dir='ltr'><strong>pervenisse</strong></span> <span class='ocrx_word' id='word_1_289' title='bbox 898 2447 1035 2496; x_wconf 75' lang='lat' dir='ltr'><strong>nego.</strong></span> 
     </span>
    </p>

    <p class='ocr_par' dir='ltr' id='par_1_5' title="bbox 129 2518 2416 3044">
     <span class='ocr_line' id='line_1_27' title="bbox 304 2518 2416 2588; baseline -0.001 -19"><span class='ocrx_word' id='word_1_290' title='bbox 304 2522 418 2570; x_wconf 58' lang='lat' dir='ltr'><strong>&lt;Iam</strong></span> <span class='ocrx_word' id='word_1_291' title='bbox 456 2539 567 2569; x_wconf 86' lang='lat' dir='ltr'><strong>vero</strong></span> <span class='ocrx_word' id='word_1_292' title='bbox 604 2522 861 2588; x_wconf 84' lang='lat' dir='ltr'><strong>quaeritur,</strong></span> <span class='ocrx_word' id='word_1_293' title='bbox 896 2529 1052 2569; x_wconf 88' lang='lat' dir='ltr'><strong>utrum</strong></span> <span class='ocrx_word' id='word_1_294' title='bbox 1087 2521 1119 2567; x_wconf 87' lang='lat' dir='ltr'><strong>ii</strong></span> <span class='ocrx_word' id='word_1_295' title='bbox 1156 2518 1358 2579; x_wconf 86' lang='lat' dir='ltr'><strong>codices,</strong></span> <span class='ocrx_word' id='word_1_296' title='bbox 1397 2537 1519 2585; x_wconf 88' lang='lat' dir='ltr'><strong>quos</strong></span> <span class='ocrx_word' id='word_1_297' title='bbox 1551 2520 1833 2583; x_wconf 89' lang='lat' dir='ltr'><strong>superstites·</strong></span> <span class='ocrx_word' id='word_1_298' title='bbox 1857 2518 2107 2578; x_wconf 84' lang='lat' dir='ltr'><strong>habemus,</strong></span> <span class='ocrx_word' id='word_1_299' title='bbox 2143 2536 2169 2567; x_wconf 91' lang='lat' dir='ltr'><strong>e</strong></span> <span class='ocrx_word' id='word_1_300' title='bbox 2203 2518 2416 2583; x_wconf 84' lang='lat' dir='ltr'><strong>complu-</strong></span> 
     </span>
     <span class='ocr_line' id='line_1_28' title="bbox 131 2609 2415 2683; baseline -0.002 -20"><span class='ocrx_word' id='word_1_301' title='bbox 131 2614 264 2663; x_wconf 85' lang='lat' dir='ltr'><strong>ribus</strong></span> <span class='ocrx_word' id='word_1_302' title='bbox 301 2612 664 2683; x_wconf 76' lang='lat' dir='ltr'><strong>exemplaribus,</strong></span> <span class='ocrx_word' id='word_1_303' title='bbox 700 2630 797 2660; x_wconf 86' lang='lat' dir='ltr'><strong>non</strong></span> <span class='ocrx_word' id='word_1_304' title='bbox 834 2629 1007 2680; x_wconf 70' lang='lat' dir='ltr'><strong>magno</strong></span> <span class='ocrx_word' id='word_1_305' title='bbox 1044 2628 1189 2676; x_wconf 85' lang='lat' dir='ltr'><strong>opere</strong></span> <span class='ocrx_word' id='word_1_306' title='bbox 1221 2612 1343 2659; x_wconf 88' lang='lat' dir='ltr'><strong>inter</strong></span> <span class='ocrx_word' id='word_1_307' title='bbox 1376 2628 1427 2658; x_wconf 88' lang='lat' dir='ltr'><strong>se</strong></span> <span class='ocrx_word' id='word_1_308' title='bbox 1461 2609 1672 2667; x_wconf 86' lang='lat' dir='ltr'><strong>diversis,</strong></span> <span class='ocrx_word' id='word_1_309' title='bbox 1708 2627 1767 2656; x_wconf 85' lang='lat' dir='ltr'><strong>an</strong></span> <span class='ocrx_word' id='word_1_310' title='bbox 1803 2627 1858 2657; x_wconf 85' lang='lat' dir='ltr'><strong>ex</strong></span> <span class='ocrx_word' id='word_1_311' title='bbox 1892 2628 1989 2658; x_wconf 87' lang='lat' dir='ltr'><strong>uno</strong></span> <span class='ocrx_word' id='word_1_312' title='bbox 2025 2610 2287 2677; x_wconf 80' lang='lat' dir='ltr'><strong>eodemque</strong></span> <span class='ocrx_word' id='word_1_313' title='bbox 2320 2612 2415 2658; x_wconf 85' lang='lat' dir='ltr'><strong>sint</strong></span> 
     </span>
     <span class='ocr_line' id='line_1_29' title="bbox 132 2701 2415 2766; baseline -0.002 -13"><span class='ocrx_word' id='word_1_314' title='bbox 132 2706 333 2755; x_wconf 87' lang='lat' dir='ltr'><strong>deducti.</strong></span> <span class='ocrx_word' id='word_1_315' title='bbox 401 2705 480 2752; x_wconf 86' lang='lat' dir='ltr'><strong>De</strong></span> <span class='ocrx_word' id='word_1_316' title='bbox 511 2705 712 2752; x_wconf 84' lang='lat' dir='ltr'><strong>Luciani</strong></span> <span class='ocrx_word' id='word_1_317' title='bbox 747 2705 842 2750; x_wconf 85' lang='lat' dir='ltr'><strong>vita</strong></span> <span class='ocrx_word' id='word_1_318' title='bbox 877 2711 923 2750; x_wconf 88' lang='lat' dir='ltr'><strong>ct</strong></span> <span class='ocrx_word' id='word_1_319' title='bbox 966 2704 1153 2766; x_wconf 85' lang='lat' dir='ltr'><strong>scriptis</strong></span> <span class='ocrx_word' id='word_1_320' title='bbox 1195 2702 1311 2749; x_wconf 82' lang='lat' dir='ltr'><strong>nihil</strong></span> <span class='ocrx_word' id='word_1_321' title='bbox 1345 2703 1444 2749; x_wconf 83' lang='lat' dir='ltr'><strong>fere</strong></span> <span class='ocrx_word' id='word_1_322' title='bbox 1476 2720 1502 2747; x_wconf 88' lang='lat' dir='ltr'><strong>a</strong></span> <span class='ocrx_word' id='word_1_323' title='bbox 1538 2701 1770 2748; x_wconf 86' lang='lat' dir='ltr'><strong>veteribus</strong></span> <span class='ocrx_word' id='word_1_324' title='bbox 1805 2704 2125 2766; x_wconf 74' lang='lat' dir='ltr'><strong>grammaticis</strong></span> <span class='ocrx_word' id='word_1_325' title='bbox 2160 2703 2415 2753; x_wconf 69' lang='lat' dir='ltr'><strong>memoriae</strong></span> 
     </span>
     <span class='ocr_line' id='line_1_30' title="bbox 129 2788 2412 2859; baseline -0.002 -15"><span class='ocrx_word' id='word_1_326' title='bbox 129 2795 353 2845; x_wconf 86' lang='lat' dir='ltr'><strong>traditum</strong></span> <span class='ocrx_word' id='word_1_327' title='bbox 389 2802 472 2842; x_wconf 88' lang='lat' dir='ltr'><strong>est.</strong></span> <span class='ocrx_word' id='word_1_328' title='bbox 542 2794 681 2855; x_wconf 82' lang='lat' dir='ltr'><strong>Quae</strong></span> <span class='ocrx_word' id='word_1_329' title='bbox 715 2793 914 2859; x_wconf 73' lang='lat' dir='ltr'><strong>legimus</strong></span> <span class='ocrx_word' id='word_1_330' title='bbox 949 2792 1076 2857; x_wconf 85' lang='lat' dir='ltr'><strong>apud</strong></span> <span class='ocrx_word' id='word_1_331' title='bbox 1112 2792 1309 2840; x_wconf 84' lang='lat' dir='ltr'><strong>Suidam</strong></span> <span class='ocrx_word' id='word_1_332' title='bbox 1343 2810 1379 2839; x_wconf 85' lang='lat' dir='ltr'><strong>s.</strong></span> <span class='ocrx_word' id='word_1_333' title='bbox 1415 2811 1458 2838; x_wconf 77' lang='lat' dir='ltr'><strong>v·</strong></span> <span class='ocrx_word' id='word_1_334' title='bbox 1493 2788 1780 2841; x_wconf 80' lang='grc' dir='ltr'><strong><em>Λουκιανός</em></strong></span> <span class='ocrx_word' id='word_1_335' title='bbox 1825 2810 1995 2858; x_wconf 75' lang='lat' dir='ltr'><strong>magna</strong></span> <span class='ocrx_word' id='word_1_336' title='bbox 2032 2810 2088 2840; x_wconf 83' lang='lat' dir='ltr'><strong>ex</strong></span> <span class='ocrx_word' id='word_1_337' title='bbox 2123 2801 2259 2856; x_wconf 81' lang='lat' dir='ltr'><strong>parte</strong></span> <span class='ocrx_word' id='word_1_338' title='bbox 2291 2791 2412 2840; x_wconf 75' lang='lat' dir='ltr'><strong>falsa</strong></span> 
     </span>
     <span class='ocr_line' id='line_1_31' title="bbox 130 2876 2412 2952; baseline -0.002 -16"><span class='ocrx_word' id='word_1_339' title='bbox 130 2895 239 2936; x_wconf 86' lang='lat' dir='ltr'><strong>sunt</strong></span> <span class='ocrx_word' id='word_1_340' title='bbox 272 2895 415 2952; x_wconf 86' lang='lat' dir='ltr'><strong>atque</strong></span> <span class='ocrx_word' id='word_1_341' title='bbox 447 2884 694 2947; x_wconf 77' lang='lat' dir='ltr'><strong>fabulosa3</strong></span> <span class='ocrx_word' id='word_1_342' title='bbox 728 2903 754 2932; x_wconf 89' lang='lat' dir='ltr'><strong>e</strong></span> <span class='ocrx_word' id='word_1_343' title='bbox 788 2882 967 2932; x_wconf 83' lang='lat' dir='ltr'><strong>Photio</strong></span> <span class='ocrx_word' id='word_1_344' title='bbox 1003 2876 1157 2932; x_wconf 85' lang='lat' dir='ltr'><strong>autem</strong></span> <span class='ocrx_word' id='word_1_345' title='bbox 1192 2882 1321 2946; x_wconf 84' lang='lat' dir='ltr'><strong>(cod.</strong></span> <span class='ocrx_word' id='word_1_346' title='bbox 1357 2883 1475 2946; x_wconf 72' lang='lat'>128)</span> <span class='ocrx_word' id='word_1_347' title='bbox 1510 2881 1625 2930; x_wconf 83' lang='lat' dir='ltr'><strong>nihil</strong></span> <span class='ocrx_word' id='word_1_348' title='bbox 1658 2884 1769 2930; x_wconf 84' lang='lat' dir='ltr'><strong>novi</strong></span> <span class='ocrx_word' id='word_1_349' title='bbox 1804 2885 2136 2949; x_wconf 82' lang='lat' dir='ltr'><strong>comperimus,</strong></span> <span class='ocrx_word' id='word_1_350' title='bbox 2171 2884 2260 2937; x_wconf 80' lang='lat' dir='ltr'><strong>nisi</strong></span> <span class='ocrx_word' id='word_1_351' title='bbox 2296 2881 2412 2949; x_wconf 76' lang='lat' dir='ltr'><strong>quid</strong></span> 
     </span>
     <span class='ocr_line' id='line_1_32' title="bbox 129 2963 2410 3044; baseline -0.002 -18"><span class='ocrx_word' id='word_1_352' title='bbox 129 2980 232 3044; x_wconf 85' lang='lat' dir='ltr'><strong>ipse</strong></span> <span class='ocrx_word' id='word_1_353' title='bbox 272 2976 336 3025; x_wconf 87' lang='lat' dir='ltr'><strong>de</strong></span> <span class='ocrx_word' id='word_1_354' title='bbox 375 2977 589 3025; x_wconf 85' lang='lat' dir='ltr'><strong>Luciano</strong></span> <span class='ocrx_word' id='word_1_355' title='bbox 627 2975 923 3042; x_wconf 84' lang='lat' dir='ltr'><strong>judicaverit.</strong></span> <span class='ocrx_word' id='word_1_356' title='bbox 991 2974 1159 3040; x_wconf 86' lang='lat' dir='ltr'><strong>Neque</strong></span> <span class='ocrx_word' id='word_1_357' title='bbox 1199 2973 1343 3022; x_wconf 86' lang='lat' dir='ltr'><strong>ullam</strong></span> <span class='ocrx_word' id='word_1_358' title='bbox 1393 2971 1591 3038; x_wconf 78' lang='lat' dir='ltr'><strong>usquam</strong></span> <span class='ocrx_word' id='word_1_359' title='bbox 1634 2973 1862 3023; x_wconf 84' lang='lat' dir='ltr'><strong>Lucianei</strong></span> <span class='ocrx_word' id='word_1_360' title='bbox 1905 2976 2137 3023; x_wconf 88' lang='lat' dir='ltr'><strong>sermonis</strong></span> <span class='ocrx_word' id='word_1_361' title='bbox 2181 2963 2410 3022; x_wconf 73' lang='lat' dir='ltr'><strong>rationem</strong></span> 
     </span>
    </p>
   </div>
   <div class='ocr_carea' id='block_1_3' title="bbox 125 3104 392 3114">
    <p class='ocr_par' dir='ltr' id='par_1_6' title="bbox 125 3104 392 3114">
     <span class='ocr_line' id='line_1_33' title="bbox 125 3104 392 3114; baseline 0 273"><span class='ocrx_word' id='word_1_362' title='bbox 125 3104 392 3114; x_wconf 95' lang='lat' dir='ltr'><strong> </strong></span> 
     </span>
    </p>
   </div>
   <div class='ocr_carea' id='block_1_4' title="bbox 275 3172 2241 3223">
    <p class='ocr_par' dir='ltr' id='par_1_7' title="bbox 275 3172 2241 3223">
     <span class='ocr_line' id='line_1_34' title="bbox 275 3172 2241 3223; baseline -0.002 -11"><span class='ocrx_word' id='word_1_363' title='bbox 275 3179 324 3223; x_wconf 82' lang='lat'><strong>¹⁹)</strong></span> <span class='ocrx_word' id='word_1_364' title='bbox 349 3177 435 3212; x_wconf 86' lang='lat' dir='ltr'><strong>lnde</strong></span> <span class='ocrx_word' id='word_1_365' title='bbox 458 3179 494 3211; x_wconf 84' lang='lat' dir='ltr'><strong>in</strong></span> <span class='ocrx_word' id='word_1_366' title='bbox 520 3177 555 3219; x_wconf 81' lang='grc' dir='ltr'>Φ</span> <span class='ocrx_word' id='word_1_367' title='bbox 582 3175 629 3211; x_wconf 85' lang='lat' dir='ltr'><strong>C²</strong></span> <span class='ocrx_word' id='word_1_368' title='bbox 651 3175 705 3217; x_wconf 73' lang='grc' dir='ltr'><strong>,Ω</strong></span> <span class='ocrx_word' id='word_1_369' title='bbox 731 3177 756 3210; x_wconf 89' lang='lat' dir='ltr'>L</span> <span class='ocrx_word' id='word_1_370' title='bbox 782 3177 812 3210; x_wconf 75' lang='lat' dir='ltr'><strong>M</strong></span> <span class='ocrx_word' id='word_1_371' title='bbox 839 3186 930 3210; x_wconf 82' lang='lat' dir='ltr'><strong>nova</strong></span> <span class='ocrx_word' id='word_1_372' title='bbox 956 3180 1031 3209; x_wconf 79' lang='lat' dir='ltr'><strong>orta</strong></span> <span class='ocrx_word' id='word_1_373' title='bbox 1058 3180 1111 3208; x_wconf 74' lang='lat' dir='ltr'><strong>est</strong></span> <span class='ocrx_word' id='word_1_374' title='bbox 1136 3174 1370 3219; x_wconf 73' lang='lat' dir='ltr'><strong>interpolatio,</strong></span> <span class='ocrx_word' id='word_1_375' title='bbox 1397 3174 1478 3207; x_wconf 89' lang='lat' dir='ltr'><strong>dum</strong></span> <span class='ocrx_word' id='word_1_376' title='bbox 1503 3174 1531 3207; x_wconf 90' lang='lat' dir='ltr'><strong>B</strong></span> <span class='ocrx_word' id='word_1_377' title='bbox 1557 3172 1586 3207; x_wconf 90' lang='grc' dir='ltr'>Ο</span> <span class='ocrx_word' id='word_1_378' title='bbox 1612 3173 1639 3208; x_wconf 82' lang='lat' dir='ltr'>G</span> <span class='ocrx_word' id='word_1_379' title='bbox 1667 3174 1872 3219; x_wconf 76' lang='lat' dir='ltr'><strong>originalem</strong></span> <span class='ocrx_word' id='word_1_380' title='bbox 1897 3181 2091 3209; x_wconf 75' lang='lat' dir='ltr'><strong>monstrant</strong></span> <span class='ocrx_word' id='word_1_381' title='bbox 2115 3174 2241 3209; x_wconf 79' lang='lat' dir='ltr'><strong>labem.</strong></span> 
     </span>
    </p>
   </div>
  </div>
 </body>
</html>
