2546 3387
1251 105 1313 152 16

123 241 306 300 cordia,
342 243 425 306 qui
459 257 602 305 saepe
637 243 818 289 minuta
853 243 1112 307 ineptaque
1144 245 1258 291 vitia
1293 242 1505 301 adnotet,
1540 243 1844 308 gravissimas
1871 241 2215 308 discrepantias
2250 244 2439 293 silentio

123 331 481 396 praetermittat.

297 418 486 481 Quodsi
524 418 856 468 Alexandrum
899 419 1246 485 perlustramus
1295 430 1339 470 et
1372 421 1604 481 Lucium,
1649 418 1830 469 nullum
1873 419 1975 469 fere
2009 419 2263 471 discrimen
2297 409 2440 471 inter-

51 522 55 528 ·
123 508 293 558 cedere
327 508 514 558 videtur
548 512 672 559 inter
706 511 748 558 F
784 518 830 560 et
859 510 922 560 Μ
957 530 1028 577 pr.
1065 531 1142 572 m.,
1187 530 1342 579 neque
1387 511 1522 560 aliter
1565 528 1641 559 res
1674 528 1780 560 sese
1824 508 1968 559 habet
2013 512 2064 558 in
2097 528 2275 579 magna
2306 510 2439 561 libel-

123 599 281 647 lorum
317 607 465 665 parte.
535 598 606 648 At
641 617 738 648 non
777 600 956 668 ubique
989 602 1105 650 haec
1140 604 1261 650 ratio
1300 609 1511 665 constat,
1552 609 1662 648 sunt
1698 602 1819 648 enim
1855 599 2019 660 libelli,
2053 599 2138 648 ubi
2174 602 2312 651 valde
2345 601 2440 650 dis·

124 700 311 738 sonant.
382 689 552 756 Atque
586 693 634 737 in
671 690 761 738 hac
796 694 1071 757 quaestione
1106 710 1248 758 quam
1286 693 1487 739 maxime
1522 690 1779 738 dolendum
1816 698 1901 750 est,
1942 690 2075 756 quod
2110 690 2266 755 proba
2299 693 2439 740 Pari-

124 782 214 827 sini
252 781 506 827 collatione
542 798 771 839 caremus,
809 799 903 846 qua
939 800 991 829 re
1024 783 1201 828 factum
1233 791 1318 839 est,
1355 789 1407 827 ut
1443 781 1502 827 de
1537 780 1738 827 ineunda
1777 782 1962 827 ratione
1997 782 2156 827 critica
2193 783 2241 828 in
2276 782 2437 830 multis

122 869 295 917 libellis
340 872 505 917 incerti
551 869 841 918 haereamus.
924 873 1061 919 Haec
1101 871 1291 935 jactura
1337 871 1494 935 aliqua
1542 888 1599 917 ex
1634 876 1770 932 parte
1805 886 1862 915 eo
1900 878 2258 933 compensatur,
2304 869 2437 935 quod

124 959 269 1007 editio
306 959 583 1006 Florentina
607 977 634 1006 a
656 959 930 1008 Jacobitzio
967 960 1221 1025 diligenter
1256 959 1428 1007 collata
1466 968 1547 1007 est.
1609 959 1781 1023 Itaque
1814 960 1854 1006 si
1891 956 2064 1006 diserta
2101 961 2275 1008 mentio
2311 959 2437 1008 facta

122 1066 221 1096 non
258 1057 342 1107 cst,
380 1050 427 1095 in
464 1048 669 1097 editione
701 1049 1035 1097 Jacobitziana
1070 1050 1292 1115 vulgatae
1324 1051 1463 1115 signo
1500 1050 1583 1112 (v)
1619 1049 1870 1096 Parisinus
1895 1046 1954 1095 M
1980 1047 2201 1108 fortasse,
2239 1048 2438 1097 Floren-

124 1141 221 1186 tina
259 1138 403 1186 editio
441 1147 566 1187 certe
600 1137 776 1187 subest.
846 1140 996 1188 Hisce
1029 1142 1176 1206 igitur
1211 1141 1346 1206 quasi
1383 1157 1549 1195 norma
1596 1139 1697 1197 usi,
1735 1136 2162 1204 Guelferbytanum
2210 1156 2438 1204 saepenu-

123 1247 255 1277 mero
292 1247 378 1294 per
413 1237 543 1276 totos
579 1229 767 1277 libellos
802 1233 866 1278 ita
903 1232 1225 1279 deflectentem
1261 1229 1492 1288 videmus,
1528 1237 1580 1276 ut
1616 1236 1661 1277 et
1696 1232 1742 1288 1,
1779 1228 2039 1292 peculiares
2088 1229 2261 1278 habeat
2294 1231 2437 1278 inter·

123 1321 393 1384 polationcs
430 1320 690 1383 permultas
728 1329 773 1368 et
795 1323 843 1380 2,
880 1325 1069 1385 saepius
1106 1340 1212 1369 cum
1231 1326 1267 1382 β
1289 1321 1556 1385 propagine
1592 1321 1869 1377 consentiat,
1907 1338 2047 1383 quam
2072 1320 2131 1368 M
2153 1339 2195 1368 a.
2246 1321 2437 1367 Lectio-

123 1429 237 1458 num
275 1409 378 1475 ejus
416 1409 696 1475 plerumque
730 1413 967 1476 particeps
1004 1420 1073 1459 est
1106 1412 1359 1459 Parisinus
1394 1409 1456 1468 L,
1492 1427 1518 1456 a
1556 1408 1726 1456 Belino
1765 1425 1896 1456 more
1930 1426 2018 1456 suo
2055 1409 2270 1458 collatus.
2335 1408 2437 1455 Do-

126 1507 344 1548 cumenta
383 1500 578 1546 afferam
616 1518 642 1546 e
676 1500 939 1548 Deorum
979 1501 1117 1547 dial.
1154 1500 1318 1548 haece:

303 1588 365 1638 ad
403 1592 446 1637 l.
1287 1597 1290 1650 Ι

125 1679 293 1727 Dial.
339 1679 499 1726 deor.
543 1681 591 1737 2,
631 1683 675 1727 l.
733 1681 945 1728 παιδίον
989 1676 1097 1743 γάρ
1146 1682 1242 1741 εἰμι
1286 1663 1290 1759 ³
1335 1678 1422 1723 καὶ
1459 1675 1532 1723 ἔτι
1568 1670 1764 1737 ἄφρων
1807 1693 1898 1722 om.
1934 1676 1976 1724 F
2011 1676 2070 1723 L.

265 1772 352 1817 καὶ
389 1768 464 1816 ἔτι
501 1764 699 1832 ἄφρων
734 1768 810 1816 ΑῙ
841 1770 886 1816 Β
923 1778 968 1817 et
1004 1789 1045 1815 v.

124 1859 241 1907 ibid.
278 1861 326 1917 4,
363 1861 408 1906 3.
446 1853 565 1907 ἄλλ’
602 1853 879 1909 ἀθάνατος
914 1859 991 1907 Al
1031 1860 1076 1906 Β
1113 1868 1159 1908 et
1193 1879 1236 1906 v.
1333 1845 1475 1901 ἄλλα
1509 1849 1633 1901 θεὸς
1669 1846 1944 1904 ἀθάνατος
1978 1855 2020 1901 F
2054 1855 2115 1902 L.

125 1948 241 1996 ibid.
270 1952 319 2007 4,
346 1952 392 1995 4.
443 1962 499 1996 σε
547 1942 860 2012 οἷνήρπασα,
899 1946 969 1998 ὠς
1005 1945 1116 2011 ἅμα
1155 1950 1230 1997 Al
1286 1971 1289 2005 ;
1332 1961 1393 2003 γε
1437 1939 1470 2005 ἦ
1519 1938 1578 2006 (ἦ
1626 1959 1718 1989 om·
1765 1945 1838 2006 L)
1885 1940 2085 2006 σπουδή
2132 1945 2298 2004 πᾶσα,
2348 1944 2439 1992 ἵνα

264 2040 309 2084 Β
348 2047 393 2085 et
428 2058 469 2083 v.
1287 2009 1289 2037 l
1470 2026 1582 2093 ἅμα
1618 2032 1659 2079 F
1696 2032 1754 2080 L.

124 2130 240 2177 ibid.
278 2131 360 2186 1⁰,
401 2134 444 2176 l.
482 2125 798 2177 πολύαθλον
835 2128 910 2175 Al
953 2131 997 2176 Β
1036 2138 1080 2176 et
1114 2150 1156 2175 v.
1334 2117 1677 2183 πολύμοχθον
1712 2123 1754 2169 F
1788 2122 1846 2169 L.

125 2218 241 2267 ibid.
280 2221 374 2276 14,
427 2220 469 2266 l.
525 2214 839 2281 σκυθρωπὸς
896 2215 1239 2282 (σκυθρωπὸς

264 2306 308 2358 εἶ
343 2311 401 2372 v)
437 2307 516 2356 ΑῙ
550 2308 594 2356 Β
633 2317 678 2356 ct
712 2328 756 2357 v.

125 2398 242 2447 ibid.
282 2401 362 2456 14,
399 2399 447 2446 2.
495 2397 715 2446 ἐνέσεισε
752 2398 934 2460 φέρων
971 2391 1137 2447 αὐτὸν
1158 2397 1234 2446 Al

265 2488 310 2535 B
349 2495 395 2534 et
430 2506 473 2532 v.
845 2479 852 2482 ”

301 2577 362 2625 ad
398 2578 445 2624 2.

125 2666 284 2716 nial.
331 2666 502 2715 deor.
539 2667 589 2726 2,
625 2667 671 2713 2.
721 2659 822 2729 τήν
858 2660 956 2729 σήν
993 2660 1245 2730 πρόςοψιν

266 2756 344 2806 Al
388 2758 433 2806 B
470 2758 513 2806 F
548 2757 609 2805 L.

128 2847 245 2896 ibid.
282 2849 331 2908 5,
367 2850 414 2895 4.
453 2840 622 2897 αὐτοῦ
657 2845 731 2894 Α1
764 2843 832 2892 C¹
864 2844 909 2892 B
945 2845 986 2892 F
1020 2846 1080 2892 L.

128 2938 245 2987 ibid.
284 2926 366 2997 lo,
402 2939 449 2985 2.
494 2939 661 3001 τριῶν
698 2936 818 2999 ἑξῆς
851 2934 928 2983 Αι
958 2935 1003 2982 Β
1038 2936 1080 2982 F
1115 2936 1174 2983 L.

124 3028 241 3075 ibid.
280 3031 361 3085 14,
400 3030 444 3074 l.
482 3024 576 3075 τὸν
612 3022 814 3088 τρόπον
849 3023 925 3071 A¹
955 3023 1023 3071 C¹
1052 3025 1096 3070 B
1120 3025 1242 3071 FL.

299 3115 623 3164 Nihilominus
670 3132 725 3161 ex
773 3113 941 3161 iisdem
992 3112 1189 3160 deorum
1235 3112 1440 3179 dialogis
1484 3120 1557 3161 sat
1602 3112 1736 3178 larga
1782 3114 1976 3178 congeri
2024 3119 2182 3177 potest
2227 3112 2443 3162 locorum

1335 2206 1577 2274 κατηφής
1613 2207 1658 2260 εἶ
1692 2212 1734 2259 F
1762 2211 1822 2259 L.

1334 2390 1565 2439 ἐνσείσας
1600 2387 1885 2453 ἐφόνευσεν
1922 2383 2087 2439 αὐτὸν
2122 2390 2163 2438 F
2198 2390 2258 2437 L.

1338 2656 1437 2725 τήν
1472 2656 1725 2724 πρόςοψιν
1760 2680 1803 2710 v.

1340 2836 1521 2892 αὐτῶν
1558 2863 1598 2890 v,

1340 2933 1460 2997 ἑξῆς
1495 2936 1657 2996 τριῶν
1695 2954 1737 2982 v.

1338 3019 1433 3071 τὸν
1469 3019 1633 3083 λόγον
1676 3043 1717 3070 v.
