2546 3387
1268 114 1331 163 10

139 261 323 301 secreto
368 249 578 319 quodam
621 251 777 300 rivulo
822 252 1018 302 ductum
1062 272 1166 303 esse
1211 252 1520 302 ostendimus.
1568 245 1851 300 ‘Librarius
1894 269 2009 301 vero
2054 254 2233 318 possin
2252 252 2333 301 ..de
2361 268 2458 302 suo-

138 341 321 409 aliquid
355 342 430 390 vel
464 340 651 390 addidit
683 341 758 389 vel
793 346 1116 405 eommutavit,
1152 344 1288 411 cujus
1322 345 1391 391 rei
1424 342 1680 407 specimina
1716 341 1842 390 infra
1879 343 2031 407 pona:
2232 333 2235 335 ’
2286 339 2288 341 ’
2430 349 2433 351 ’

141 432 340 482 Somn.
378 451 481 497 cap.
518 418 805 502 12Jngxr31'
838 436 898 482 Ψ.
1340 429 1511 497 ταύτῃ
1545 430 1623 480 Al
1651 439 1711 480 -et
1746 430 1848 480 rell.
1885 430 2027 481 codd.

140 521 300 571 nial.
337 530 510 571 mort.
547 523 629 582 18,
650 505 712 570 Ν2.
747 520 1074 574 ἐπέπλευσαν
1118 526 1180 575 Ψ.
1344 516 1738 587 ἐπληρώθησαν
1772 520 1817 573 Β
1854 519 1904 572 0
1941 527 1988 571 et
2021 519 2127 570 rell-¹
2158 519 2299 572 codd.

139 612 255 661 ibid.
290 614 374 671 21,
413 615 456 660 l.
493 607 798 676 φρονήματι
845 617 903 661 Ψ.
1342 608 1608 677 προσώπῳ
1642 612 1687 660 Β
1723 611 1773 662 0
1808 619 1856 661 et
1891 611 1992 661 rell.
2026 590 2192 661 codd.-

140 701 312 752 Alex.
351 721 455 767 cap.
488 702 570 751 86.
620 698 874 767 πυρετοὺς
920 702 1136 754 ἔσεσθαι
1189 705 1249 752 Ψ.
1343 697 1611 767 πυρκαϊὰς
1637 697 2004 765 φυλάττεσθαι
2031 701 2085 751 -Β
2119 707 2167 750 et
2186 700 2288 751 reli.
2308 700 2449 752 codd.

140 793 246 843 Bis
281 810 475 842 accus.
513 811 615 858 cap.
644 794 722 842 13.
775 791 924 844 ἐννέα
956 795 1110 856 μονοὶ
1145 810 1249 858 κρι-
1345 791 1497 843 ἐννέα
1548 787 1887 856 κρινάτωσαν
1930 790 2007 843 Α1
2049 790 2119 843 (31
2171 791 2451 858 (κρινέτω-

277 878 532 933 νάτωσαν
576 885 642 933 Ψ.
1295 876 1298 935 ἱ
1479 896 1582 932 σαν
1618 882 1688 947 v).

140 973 402 1022 Advers.
439 972 666 1021 indoet.
702 990 806 1036 cap.
842 973 924 1020 22.
960 968 1253 1036 ἃωγράφος
1295 938 1300 1093 ἱ
1346 968 1639 1037 ἃωγράφος
1676 969 1754 1025 ὧν
1789 972 1866 1023 Al
1907 980 1953 1021 et
1986 971 2086 1021 rell.
2122 970 2263 1021 codd.

313 1152 480 1214 Quare
526 1171 623 1199 non
669 1168 869 1216 prorsus
904 1159 1034 1199 certo
1071 1153 1249 1199 utimur
1284 1151 1430 1212 duce,
1466 1151 1575 1211 ubi,
1611 1152 1739 1201 velut
1773 1153 1821 1200 in
1855 1153 2105 1212 Parasito,
2148 1158 2337 1217 praeter
2370 1150 2450 1200 de·

279 1058 447 1125 σοφὸς
483 1059 561 1113 ὧν
607 1065 665 1110 Ψ.

141 1244 330 1291 terioris
364 1250 506 1290 notae
541 1240 728 1290 codices
763 1239 918 1288 solum
953 1240 1252 1289 Marcianum
1288 1243 1421 1308 sequi
1457 1241 1579 1290 lieet.
1663 1271 1666 1273 -

313 1334 485 1381 Restat
519 1333 736 1398 quaestio
773 1331 1068 1391 difficillima,
1105 1350 1229 1398 quac
1263 1340 1333 1380 est
1368 1332 1428 1380 de
1448 1332 1716 1381 Gorlicensi
1737 1332 1789 1380 Α
1810 1340 1856 1380 et
1878 1332 1939 1380 de
1958 1333 2182 1380 Parisino
2209 1330 2268 1390 G,
2305 1342 2446 1397 quos,

142 1424 229 1472 etsi
265 1422 327 1471 ab
364 1421 628 1471 editoribus
663 1421 885 1469 omnibus
921 1424 1133 1470 certatim
1168 1421 1390 1470 laudibus
1411 1422 1534 1471 >elati
1570 1430 1707 1483 sunt,
1752 1424 1810 1470 iis
1842 1439 1979 1489 ‘quos
2022 1421 2450 1487 modo-percensui

141 1513 389 1562 codicibus
423 1512 574 1561 multo
610 1513 859 1560 inferiores
907 1531 1008 1561 esse
1035 1513 1216 1578 judico.
1286 1514 1345 1561 ln
1390 1514 1480 1561 hac
1523 1516 1801 1580 quaestione
1844 1513 1996 1562 multa·
2036 1515 2085 1560 in
2130 1514 2309 1561 incerto
2353 1530 2451 1562 ma-

140 1612 284 1652 neant
314 1608 509 1651 vneeesse
544 1611 630 1663 cst,
667 1605 893 1668 quoniam
928 1604 1180 1651 Parisinus
1217 1602 1258 1651 (3
1294 1621 1322 1651 a
1357 1603 1529 1652 Belino
1565 1622 1661 1652 non
1697 1611 1791 1652 tam
1828 1606 2012 1670 integer
2045 1604 2272 1663 collatus,
2307 1621 2450 1670 qnam

141 1695 320 1759 passim
356 1696 597 1758 inspectus
632 1709 736 1740 esse
770 1692 1040 1756 vidam-3⁶)
1076 1694 1160 1741 sed
1183 1711 1265 1741 eae
1285 1711 1409 1759 quae
1444 1694 1658 1759 prolatae
1691 1682 2089 1758 sunt-scripturae
2106 1693 2451 1759 disoeepantiae

140 1783 408 1839 sufficiunt,
445 1790 497 1829 ut
533 1781 582 1829 Α
618 1790 663 1829 et
698 1781 740 1829 (3
776 1784 992 1848 geminos
1028 1800 1131 1829 esse
1164 1785 1542 1848 agnoscamus7)
1594 1787 1677 1849 qui
1721 1800 1864 1848 saepe
1897 1786 2019 1832 inter
2052 1801 2104 1832 se
2137 1786 2449 1845 consentiant,

139 1891 166 1921 a
202 1873 246 1920 B
284 1880 330 1921 ct
364 1871 559 1937 reliquis
597 1872 897 1920 dissentiant:

138 1963 299 2011 Dial.
336 1964 541 2011 marin.
577 1964 627 2020 4,
665 1964 708 2008 1.
747 1962 889 2025 εἴπερ
925 1960 1005 2008 A2
1032 1960 1122 2010 C2.
1294 1990 1297 2043 Ι
1346 1957 1505 2012 ὁπότε
1538 1962 1583 2010 Β
1623 1964 1675 2011 εἴ
1701 1977 1813 2012 πως
1847 1961 1979 2010 FM.

1341 2070 1463 2100 serv.
1498 2048 1626 2102 τάδε
1661 2053 1706 2100 Β
1732 2056 1786 2101 Ω
1823 2060 1868 2100 et
1902 2070 1932 2098 v
1967 2054 1995 2099 i.
2033 2070 2072 2101 c.
2106 2053 2153 2101 L
2177 2053 2250 2101 M.

1343 2143 1570 2203 ἔχουσαν
1606 2162 1698 2192 om.
1734 2144 1779 2191 Β
1807 2147 1862 2192 Ω
1897 2162 1926 2188 v
1959 2144 1990 2192 i.
2028 2161 2067 2191 e.
2099 2143 2146 2191 L
2169 2142 2252 2192 .M.

138 2233 253 2281 ibid.
290 2250 394 2297 cap.
430 2235 511 2279 22.
549 2233 669 2280 κεῖτ’
706 2226 997 2293 αἷγαμένονι
1032 2232 1113 2279 A²
1138 2232 1227 2281 Οἳ.
1291 2242 1295 2315 Ι
1340 2234 1530 2296 κρείων
1564 2234 1609 2282 τ’
1646 2228 1982 2295 Ἀγαμέμνων
2015 2233 2070 2280 ’Β
2108 2236 2163 2281 Ω
2199 2241 2245 2280 et
2277 2251 2308 2279 v
2341 2235 2372 2281 i.
2409 2250 2448 2281 e.

140 2052 405 2102 Charon.
444 2070 548 2117 cap.
574 2054 620 2099 5.
658 2048 786 2100 τάδε
822 2069 913 2098 om.
942 2049 1024 2098 Α2
1052 2051 1142 2100 (32.

137 2143 255 2193 ibid.
292 2161 394 2207 cap.
429 2146 478 2191 9.
515 2149 680 2203 τεῖχος
716 2143 941 2202 ἔχουσαν
977 2142 1057 2189 A²
1080 2142 1170 2190 C2.

1291 2322 1294 2379 ἐ
1473 2323 1520 2370 L
1555 2323 1625 2371 Μ.

138 2414 285 2463 *vit
326 2419 478 2458 auct.
516 2429 619 2474 cap.
640 2413 686 2457 6.
724 2410 1017 2473 ἐπίχλωρον
1052 2409 1129 2458 Al
1155 2410 1245 2459 (31.
1291 2412 1294 2488 {
1343 2413 1417 2461 ἔτι
1453 2410 1666 2478 χλωρὸν
1711 2417 1765 2461 Ψ
1794 2421 1840 2461 et
1875 2413 1977 2461 rell.
2014 2412 2154 2461 codd.

137 2500 287 2549 *ibid.
325 2518 429 2566 cap.
466 2501 546 2548 24.
584 2495 795 2564 ἐκλύτης
829 2498 908 2547 Α1
933 2498 1023 2547 (31.
1164 2520 1166 2522 ·
1341 2499 1555 2568 ἐκχύτης
1600 2506 1653 2551 Ψ
1681 2510 1727 2551 ct
1761 2521 1803 2549 v.

135 2593 223 2640 De
258 2591 468 2639 sacris.
505 2608 608 2655 cap.
645 2593 690 2638 3.
729 2590 784 2639 ἐκ
819 2589 900 2637 Α2
927 2589 1018 2638 (32.
1292 2584 1296 2660 ξ
1341 2589 1491 2655 παρὰ
1525 2594 1570 2640 Β
1609 2601 1655 2640 et
1690 2592 1789 2640 rell.
1824 2591 1964 2640 codd.

134 2681 249 2730 ibid.
287 2699 391 2745 cap.
428 2683 476 2727 4.
513 2682 913 2741 καταγνωσθεὶς
946 2678 1027 2726 Α2
1052 2679 1141 2728 (32.
1293 2663 1295 2729 !
1341 2683 1747 2731 καταδικασθεὶς
1781 2681 1826 2728 Β
1862 2688 1908 2728 et
1941 2679 2040 2728 rell.
2077 2679 2217 2728 codd.

134 2773 401 2818 *Piscat.
439 2787 541 2833 cap.
578 2774 625 2817 4.
662 2766 891 2832 προςιών
925 2768 1001 2822 Al
1032 2769 1122 2816 (31.
1293 2753 1296 2796 ἦ
1342 2772 1561 2818 σιωπῶν
1595 2771 1641 2816 Β
1677 2778 1725 2817 et
1757 2769 1859 2817 rcll.
1896 2770 2035 2817 codd.

135 2860 285 2907 *ibid.
322 2877 425 2923 cap.
462 2861 543 2909 32.
570 2858 828 2922 Δαἱροίμήν
863 2858 939 2906 Α1
974 2858 1063 2906 (31.
1294 2797 1298 2911 i
1343 2854 1540 2921 ἐρήμην
1574 2859 1619 2906 Β
1656 2866 1702 2906 et
1735 2858 1835 2907 rell.
1872 2857 2012 2906 codd.

280 3029 314 3073 ⁶)
341 3028 442 3064 Conf.
470 3027 652 3063 meliorem
688 3027 790 3072 hujus
828 3028 961 3063 codicis
998 3027 1243 3071 collationem,
1280 3037 1384 3073 quam
1420 3026 1631 3062 Fritzschius
1668 3027 1710 3061 ad
1747 3025 1904 3062 libellum
1941 3026 1994 3061 De
2028 3024 2183 3061 merced.
2211 3024 2313 3060 cond.
2342 3029 2378 3059 et
2403 3024 2447 3060 ad

131 3089 340 3134 Apologiam
368 3094 491 3122 nactus
519 3094 583 3122 est.

280 3149 313 3191 ⁷)
341 3147 443 3183 Conf.
471 3148 641 3182 Fritzschi
668 3148 925 3191 praefationem
953 3146 996 3180 ad
1023 3148 1143 3181 fascic.
1172 3146 1195 3179 Ι.
1225 3158 1304 3190 pag.
1333 3146 1371 3180 V.
1400 3149 1433 3180 in
1461 3146 1540 3179 fine.
