2546 3387
1251 146 1311 194 21

243 306 246 317 ¹
311 287 427 336 Jam
464 289 564 348 via,
607 289 802 353 opinor,
846 290 960 337 satis
991 287 1308 349 Διιιιιιίίιγιιεί
1351 305 1434 336 eos
1475 285 1838 353 progrediamur
1880 286 2083 347 codices,
2127 289 2425 354 ‹poor-tio.-

142 377 666 438 cinandoinveninus,
710 381 747 440 β
781 385 827 427 et
858 397 894 441 γ
939 378 1087 427 literis
1121 379 1398 446 insignitos,
1443 395 1646 444 quomm
1691 377 1886 426 alterum
1930 380 2188 438 sincerum,
2224 377 2423 426 altan-

140 467 476 535 interpolatum
510 468 676 528 fuisse,
711 486 808 516 non
841 476 924 517 est·
947 468 1087 535 quod
1112 486 1341 518 moneams

309 553 378 608 Ut
422 563 458 624 β
503 558 712 608 codicem
758 557 998 627 archetypi
1043 561 1292 627 imaginem
1337 557 1557 608 omnibus
1593 559 1798 606 numeris
1833 557 2096 607 absolutam
2132 560 2420 625 expmsiase

141 649 409 717 negandum
445 657 538 710 est,
584 650 648 698 ita
695 658 913 698 constare
944 649 1143 710 videtur,
1178 669 1273 699 non
1311 658 1367 698 e'o
1402 650 1550 698 fuisse
1599 651 1756 697 animo
1791 647 2061 709 librarium,
2107 658 2160 697 ut
2202 650 2263 698 ad
2297 649 2422 698 arhi-

136 743 276 790 trium
312 742 448 789 suum
485 739 722 808 quaelibet
755 739 964 800 adderet,
986 742 1232 801 omitteret,
1256 750 1469 789 mutaret.
1526 741 1766 806 Imprimis
1802 742 1990 806 negotia
2026 740 2138 787 mihi
2172 741 2412 789 facessunt

137 833 360 891 lacunae,
404 849 531 897 quae⁷
557 833 729 897 partim
775 833 838 878 ita
887 841 1187 897 comparatae
1228 841 1359 892 sunt,
1403 842 1456 880 ut
1501 832 1685 897 expleri·
1723 831 1950 891 debeant,
1995 833 2164 896 partim
2210 841 2334 879 recte
2367 851 2420 880 se

138 923 337 979 habent,
395 923 522 970 velut
573 925 620 969 in
677 921 1029 987 Necyomantia.
1109 922 1394 987 Saepissime
1446 923 1572 971 haud
1627 922 1771 971 dubie
1823 925 1869 970 in
1924 922 2122 988 singulis
2175 921 2418 972 codicibus

139 1014 211 1078 (Β
247 1012 298 1062 Ο
332 1011 380 1061 G
423 1015 476 1060 Ψ
504 1011 579 1059 Al
622 1011 725 1075 C¹)
770 1029 896 1059 mera
940 1011 1234 1079 neglegentia
1270 1020 1402 1060 ortae
1433 1022 1568 1072 sunt,
1614 1030 1949 1078 nonnunquam
1999 1030 2110 1060 vero
2145 1020 2191 1061 et
2224 1011 2419 1061 lacunae

140 1111 186 1152 et
219 1101 516 1169 corruptelae
550 1102 609 1150 ad
646 1101 917 1150 mendosam
953 1102 1193 1170 archetypi
1229 1102 1369 1168 hujus
1400 1103 1604 1150 familiae
1638 1102 1960 1151 condicionem
1992 1102 2269 1151 referendae
2295 1107 2418 1150 sunt.

139 1194 300 1261 Hujus
344 1195 411 1240 rei
458 1182 601 1239 unum
648 1193 909 1257 exemplum
955 1193 1097 1257 paulo
1142 1192 1333 1240 uberius
1380 1211 1623 1258 exponam.
1705 1193 1871 1240 Alex.
1918 1211 2021 1257 cap.
2064 1196 2144 1239 61.
2192 1193 2417 1258 legimus:

137 1277 434 1349 Ἐπικούρῳ
477 1303 542 1318 -’
577 1275 729 1346 ἀνδρὶ
777 1279 852 1350 ,⁰35
903 1276 1121 1347 άληθῶς
1174 1285 1298 1348 ἱερῷ
1358 1288 1444 1332 καὶ
1487 1285 1754 1348 θεσπεσίῳ
1796 1281 1894 1347 τήν
1938 1281 2097 1346 φύσιν
2142 1287 2228 1332 καὶ
2268 1279 2421 1346 μόνῳ

132 1377 243 1439 μετ’
299 1369 551 1438 ἆληθείας
594 1371 663 1422 τὰ
712 1371 852 1423 καλοὶ
907 1371 1158 1435 ἐγνωκότι
1211 1380 1298 1424 καὶ
1351 1372 1748 1440 παραδεδωκότι
1796 1379 1881 1424 καὶ
1927 1375 2253 1438 ἐλευθερωτῇ
2308 1376 2419 1424 τῶν

138 1463 505 1530 ὁμιλησάντων
540 1459 687 1528 αὐτῷ
720 1466 1000 1529 γενομένῳ.
1068 1462 1170 1513 Pro
1216 1464 1615 1530 παραδεδωκότι
1650 1468 1694 1514 Β
1731 1466 1796 1514 Cl
1851 1471 1903 1514 Ψ
1943 1471 2058 1530 περὶ
2092 1459 2293 1530 ἐδήλου
2338 1485 2418 1515 ex·

135 1557 314 1617 hibent,
359 1556 488 1622 quod
525 1564 570 1605 et
603 1574 741 1604 sensu
779 1564 906 1604 caret
941 1565 985 1605 et
1019 1575 1156 1606 verae
1189 1557 1376 1607 lectioni
1412 1556 1771 1606 dissimillimum
1809 1565 1891 1605 est.
1961 1558 2102 1606 Hanc
2135 1558 2414 1622 scripturam

133 1651 196 1696 ita
233 1647 449 1712 expedio,
484 1654 537 1694 ut
571 1646 795 1705 codicem,
832 1664 858 1694 e
890 1665 986 1712 quo
1023 1647 1208 1696 deducti
1244 1656 1353 1696 sunt
1375 1649 1421 1696 B
1451 1647 1520 1696 C¹
1554 1651 1613 1708 Ψ,
1649 1649 1741 1696 hoc
1775 1649 1881 1696 loco
1916 1650 1981 1696 ita
2018 1666 2230 1695 mancum
2265 1648 2413 1696 fuisse

133 1748 356 1788 statuam:
392 1754 545 1808 παρα,
575 1772 878 1784 .......
948 1737 1105 1803 Supra
1141 1741 1328 1804 scripsit
1362 1738 1583 1786 librarius
1619 1735 1818 1803 ἄδηλον
1852 1742 1881 1788 i.
1913 1757 1951 1787 e.
1988 1739 2080 1805 leg-i
2115 1756 2207 1787 non
2243 1746 2413 1803 potest,

133 1831 182 1879 id
218 1829 348 1896 quod
393 1836 554 1893 postea
603 1829 666 1874 ita
712 1827 1016 1893 depravatum
1053 1838 1147 1888 est,
1183 1838 1235 1877 ut
1269 1833 1384 1893 περὶ
1419 1823 1620 1894 α’δήλου
1655 1833 1701 1877 ἰη
1737 1839 1915 1878 textum
1953 1833 2249 1895 recipffietur.
2320 1830 2414 1878 Ne·

133 1940 227 1990 que
261 1922 479 1987 exig-uum
516 1918 631 1965 haec
666 1921 827 1984 opinio
863 1919 972 1967 inde
1006 1922 1175 1985 accipit
1211 1920 1555 1986 adjumentum,
1601 1921 1730 1987 quod
1777 1921 1918 1968 solito
1963 1922 2282 1986 frequentiora
2317 1920 2410 1968 hoc

131 2015 239 2062 loco
274 2014 323 2059 in
356 2011 401 2057 B
437 2009 505 2057 Οἱ
558 2013 611 2057 Ψ
638 2012 797 2056 insunt
831 2012 955 2056 vitia.

300 2104 378 2149 De
410 2104 467 2149 iis
501 2102 694 2158 lacunis,
731 2119 854 2166 quae
884 2101 1160 2165 probandae
1191 2103 1423 2163 videntur,
1459 2104 1550 2150 hoc
1585 2103 1690 2149 loco
1726 2122 1821 2150 non
1857 2121 2012 2168 agam,
2052 2121 2110 2149 ne
2143 2101 2283 2167 hujus
2318 2101 2410 2149 dis-

132 2192 483 2260 putatiunculae
515 2192 632 2240 fines
669 2190 904 2239 excedam.

297 2285 375 2332 De
417 2284 609 2350 reliquis
651 2282 886 2331 honorum
933 2282 1145 2331 codicum
1191 2284 1371 2332 mendis
1413 2287 1460 2332 in
1508 2302 1607 2332 eam
1653 2292 1852 2332 mentem
1898 2282 2116 2332 inductus
2162 2301 2291 2341 sum,
2341 2289 2410 2341 ut,

130 2365 353 2440 neglectis
387 2375 577 2421 minutis
612 2373 704 2420 illis
739 2371 1080 2438 discrepantiis,
1117 2390 1234 2439 quas
1269 2391 1412 2439 supra
1447 2374 1507 2422 ad
1525 2373 1941 2424 Vindobonensem
1962 2374 2005 2421 Β
2028 2374 2204 2431 notavi,
2240 2371 2411 2420 horum

130 2467 345 2515 codicum
394 2468 699 2529 scripturam,
745 2466 958 2529 quamvis
1003 2475 1300 2529 corruptam,
1348 2465 1616 2526 emendare,
1661 2484 1801 2531 quam
1845 2466 2082 2530 speciosas
2125 2462 2413 2514 deteriorum

128 2557 351 2604 lectiones
386 2559 596 2620 recipere
630 2557 776 2603 satius
811 2554 994 2603 ducam.

297 2647 638 2695 Recensionem
675 2645 819 2705 illam,
855 2664 996 2711 quam
1032 2644 1284 2697 identidem
1322 2647 1693 2704 memoravimus,
1728 2664 1763 2707 γ
1799 2653 2132 2711 repraesentat.

294 2732 504 2800 Jamjam
542 2755 596 2784 eo
634 2737 946 2801 pervenimus,
982 2743 1034 2784 ut
1068 2735 1254 2785 codices
1290 2744 1478 2784 nostros
1507 2754 1563 2784 ex
1599 2754 1692 2783 uno
1730 2752 1891 2784 omnes
1928 2734 2186 2803 archetypo
2215 2722 2416 2783 *fluxisse

128 2824 429 2893 comprobari
476 2828 650 2893 possit,
698 2844 790 2894 qua
839 2826 898 2874 ‹le
941 2843 993 2874 re
1027 2825 1313 2875 Fritzschius
1356 2827 1419 2874 ita
1447 2825 1745 2893 judic-anm)
1800 2825 2054 2886 „Maxime
2086 2843 2199 2875 vero
2234 2826 2415 2875 fontem

127 2918 342 2967 codicum
378 2920 647 2985 quaerimus
682 2920 1083 2985 antiquissimum,
1118 2936 1213 2966 non
1238 2935 1392 2965 <unum
1429 2918 1637 2965 codicem
1687 2922 1863 2985 (neque
1901 2922 2022 2967 enim
2058 2927 2111 2966 ut
2144 2918 2415 2987 Aeschylus

125 3008 342 3056 fortassis
380 3028 405 3056 e
438 3009 683 3069 Mediceo,
730 3012 792 3057 ita
840 3012 976 3056 etiam
1012 3011 1252 3056 Lucianus
1298 3027 1391 3056 uno
1441 3028 1494 3056 ex
1533 3010 1694 3057 codice
1727 3019 1855 3057 totus
1891 3012 2133 3075 profectus
2169 3014 2285 3073 θεῇς
2332 3008 2415 3058 sed

272 3212 321 3254 ¹⁸)
349 3211 447 3246 Conf.
476 3212 645 3245 Fritzschi
674 3212 782 3255 praef.
810 3211 894 3245 fasc.
922 3211 946 3244 1.
974 3222 1054 3255 pag.
1081 3210 1170 3244 xm.
