2546 3387
1237 122 1275 169 9.

215 259 530 309 Praeterea
560 262 615 309 *iu
640 260 1334 326 oehnioenbroepmultos
1368 260 1806 323 ina-dditzlibrarius,
1842 264 1892 311 in
1931 262 2092 329 justas
2117 280 2232 311 vero
2266 264 2407 314 inter-

104 347 378 414 polationes
399 351 678 411 rarissime,
680 358 902 417 quarum
916 352 1071 399 uuam
1102 358 1218 400 noto
1252 351 1471 402 Bacch.
1493 370 1597 418 cap.
1612 354 1667 413 5,
1697 352 1783 401 ubi
1819 352 2016 404 ἐοίκασι
2047 361 2165 419 post
2195 356 2406 404 δοκοῦσι

104 439 154 487 ἱιι
187 438 233 488 Β
268 437 392 489 male
425 441 677 505 repeh'tum
713 448 796 490 ed.
964 471 967 473 ·

267 526 504 578 Codicem
541 529 606 590 0,
643 527 761 578 olim
792 528 1155 596 Augusteum,
1191 548 1326 579 nunc
1358 531 1726 591 Monacensem,
1761 533 2049 581 simillimum
2082 550 2190 582 esse
2222 532 2406 583 Vindo-

104 618 306 668 boneusi
368 620 615 667 neminem
657 618 890 680 latebit,
885 621 1002 685 qui
1044 619 1353 669 Mon-tuorum
1403 620 1622 687 dialogos
1684 622 1757 670 vel
1824 622 2106 688 Menippum
2162 623 2404 673 evolverit.

101 707 429 769 Quamobrem
464 711 838 758 testimoniorum
886 707 1231 759 multitudinem
1275 729 1372 760 non
1416 730 1587 760 curans
1632 712 1834 777 iusignia
1869 710 2103 779 quaedam
2149 711 2404 779 adlegabo.

101 798 261 845 Dial.
299 807 468 846 mort.
503 801 552 858 7,
584 802 611 846 1
650 783 1019 863 Καλλιδὴμόδη
1053 799 1099 846 Β
1134 799 1184 848 Ο
1228 819 1317 865 pro
1355 802 1737 865 Καλλιδημίδης
1781 800 1894 849 ibid.
1932 804 2014 861 13,
2047 804 2094 850 5.
2130 805 2217 851 καὶ
2250 805 2408 852 τοῦτο

98 888 254 954 μέρος
290 883 369 944 ὧν
404 889 448 937 Β
486 888 534 939 Ο
572 907 660 954 pro
696 891 783 938 καὶ
816 890 974 940 τοῦτο
1002 888 1158 954 μέρος
1193 884 1280 952 ὅν;
1316 889 1429 939 ibid.
1467 892 1547 951 15,
1585 894 1628 939 l.
1666 891 1778 953 βίος
1812 891 1915 940 τινί
1939 891 1991 939 ,Β
2028 891 2080 940 0
2108 908 2198 957 pro
2234 893 2407 953 βίοτος

101 981 149 1027 in
204 988 343 1027 versu
395 980 477 1027 illo
531 981 792 1028 Homerico
843 978 943 1027 od.
987 981 1091 1038 XI,
1145 982 1262 1030 490.
1329 975 1483 1045 α’νδρὶ
1533 983 1657 1046 παρ’
1703 975 1957 1046 ’ἅκλήρῳ,
2012 974 2058 1046 ᾦ
2107 978 2181 1045 μή
2235 984 2407 1044 βίοτος

101 1066 264 1119 πολῦς
298 1071 389 1133 εἴη.

272 1160 442 1225 Neque
474 1168 632 1206 tamen
659 1157 1078 1212 Vindoboncnscm
1115 1169 1330 1207 nostrum
1365 1159 1577 1208 bonitate
1610 1161 1860 1225 adaequat,
1896 1178 2001 1208 cum
2029 1169 2075 1208 ct
2102 1160 2406 1226 neglegenter

107 1249 308 1297 collatus
339 1251 401 1295 sit
435 1249 506 1310 (id
538 1249 669 1314 quod
693 1256 737 1295 et
760 1249 982 1295 Halmius
1002 1251 1048 1295 iu
1070 1250 1228 1296 annal.
1245 1253 1346 1298 crit.
1365 1251 1526 1297 Berol.
1547 1252 1811 1298 1838num.
1828 1253 1896 1298 29
1922 1270 2030 1315 sqq.
2050 1251 2405 1311 demonstravit,

105 1350 152 1389 et
186 1358 243 1389 cx
278 1336 473 1388 meliore
506 1339 649 1405 hujus
684 1338 860 1386 codicis
897 1338 1162 1399 collatione,
1199 1359 1341 1405 quam
1376 1321 1754 1387 Fritzscbiusad
1788 1341 2178 1408 Necyomantiam
2206 1342 2403 1405 accepit,

36 1487 39 1489 ,
102 1432 405 1497 perspicuum
449 1431 525 1493 fit)
573 1438 618 1477 ct
661 1447 757 1476 nou
800 1447 911 1477 raro
957 1429 1402 1494 interpolationibus
1454 1438 1645 1477 scateat.
1726 1429 1870 1477 Conf.
1907 1432 2137 1478 Timon.
2184 1447 2286 1494 cap.
2321 1432 2403 1479 41.

104 1521 289 1586 κτέρας
323 1519 373 1570 Ο
409 1548 475 1555 -
509 1523 715 1584 βροτοῖς
748 1518 846 1566 rell.
885 1518 1051 1582 codd,
1086 1518 1200 1566 ibid.
1239 1538 1341 1586 cap.
1370 1522 1450 1567 57.
1487 1521 1782 1568 δακτυλίων
1817 1520 1865 1569 Ο
1891 1549 1961 1559 ·--
1994 1516 2268 1569 κονδύλων
2303 1520 2404 1570 rell.

102 1611 267 1673 codd.3
302 1611 459 1658 Dial.
497 1617 669 1657 mort.
707 1612 786 1668 13,
814 1613 860 1657 1.
890 1606 1112 1672 εὔλογον
1138 1609 1186 1658 Ο
1220 1639 1290 1647 —-
1324 1607 1591 1674 ἄχρηστον
1626 1609 1726 1658 rell.
1762 1611 1900 1658 codd.
1927 1620 1974 1658 et
1997 1629 2121 1676 quae
2153 1618 2265 1657 sunt
2297 1610 2403 1658 alia.

274 1701 341 1749 lis
376 1697 645 1758 codicibus,
682 1699 764 1764 qui
800 1717 827 1747 e
860 1697 989 1748 bono
1025 1702 1258 1749 manarint
1292 1700 1440 1758 fonte,
1493 1698 1920 1766 Guelferbytauum
1955 1698 2004 1749 G
2039 1699 2402 1749 adscribendum

106 1811 210 1842 esse
243 1790 318 1841 vel
365 1810 458 1840 una
506 1789 848 1856 Necyomantia
894 1791 1010 1839 satis
1056 1789 1424 1856 comprobatur,
1480 1807 1576 1856 quo
1623 1791 1670 1837 in
1706 1789 1831 1839 libro
1868 1808 1972 1839 cum
2007 1791 2052 1839 Β
2090 1790 2138 1840 Ο
2174 1792 2407 1840 artissime

107 1882 342 1933 cohaeret.
411 1881 582 1948 Neque
624 1881 778 1929 minus
825 1881 873 1929 in
919 1879 1063 1930 Gallo
1114 1880 1255 1930 laude
1290 1880 1463 1948 dignus
1499 1888 1597 1941 est,
1642 1899 1748 1929 cum
1784 1879 1861 1928 Al
1900 1880 1980 1929 Cl
2028 1879 2078 1929 G
2110 1882 2214 1947 pari
2259 1881 2404 1929 modo

105 1972 410 2022 multifariam
445 1988 561 2037 prae
596 1971 761 2019 ceteris
794 1969 931 2019 libris
966 1973 1298 2037 manuscriptis
1332 1970 1572 2038 probitate
1606 1971 1847 2019 excellant.
1894 1971 1991 2019 Ab.
2013 1971 2087 2018 his
2120 1973 2273 2037 iisque
2307 1989 2404 2019 cer-

104 2065 299 2112 tissimis
344 2063 624 2127 testimoniis
671 2061 914 2125 profectus
962 2065 1100 2110 etiam
1144 2064 1192 2108 in
1226 2061 1351 2108 libro
1388 2060 1605 2109 Caluum.
1642 2080 1735 2108 non
1772 2071 1880 2109 tem.
1916 2062 2043 2109 cred.
2080 2070 2124 2108 et
2158 2063 2206 2107 in
2241 2062 2402 2109 Icaro-

106 2156 329 2219 menippo
363 2152 411 2201 G
429 2152 637 2200 codicem
658 2151 967 2216 nequioribus
989 2152 1140 2214 (conf.
1159 2152 1389 2216 exempla,
1415 2169 1538 2215 quae
1556 2171 1666 2217 pag.
1686 2154 1732 2198 6.
1753 2154 1995 2217 congessi)
2031 2170 2274 2216 opponere
2307 2170 2403 2200 non

105 2242 335 2301 dubitavi,
353 2244 501 2289 invito
513 2239 794 2299 Fritzschio,
819 2244 901 2306 qui
927 2243 974 2289 in
998 2241 1361 2306 lcaromenippo
1375 2239 1804 2306 Guelferbytanum
1825 2243 1949 2288 inter
1970 2241 2231 2289 deteriores
2251 2240 2403 2289 libros

102 2333 456 2395 numeravit,⁵)
493 2331 578 2379 sed
626 2331 773 2379 nihilo
818 2333 970 2378 secius
1016 2330 1268 2396 aliquoties
1313 2329 1458 2396 hujus
1502 2329 1650 2377 solius
1694 2332 1975 2378 auctoritate
2016 2332 2062 2376 in
2110 2330 2402 2379 restituendo

103 2430 235 2473 textu
269 2440 384 2471 usus
420 2429 503 2469 est.
573 2417 631 2469 ld
665 2439 778 2470 vero
814 2421 976 2487 negari
1020 2422 1183 2486 nequit
1227 2418 1352 2468 hunc
1398 2418 1607 2467 codicem
1652 2421 1717 2467 ita
1764 2437 1867 2468 esse
1911 2404 2305 2485 abjectissimum,
2350 2428 2404 2469 nt

105 2531 212 2563 cnm
245 2515 358 2565 vitia
393 2513 538 2561 multa
575 2521 620 2561 et
653 2512 846 2560 lacunas
880 2530 976 2560 non
1023 2530 1197 2576 paucas
1243 2520 1287 2559 et
1333 2510 1590 2575 peculiares
1637 2510 1810 2558 habeat
1843 2511 2258 2576 interpolationes,
2304 2523 2405 2563 tum

107 2620 448 2670 nonnunquam
496 2621 602 2651 cum
648 2602 943 2668 interpolatis
987 2601 1232 2650 codicibus
1278 2603 1542 2665 conspiret,
1589 2601 1720 2667 quod
1756 2600 1947 2667 quidem
1980 2603 2065 2662 iis,
2099 2620 2226 2668 quae
2260 2604 2405 2653 modo

105 2697 323 2760 exposui,
357 2712 454 2742 non
490 2701 741 2760 repugnat,
778 2712 923 2760 quum
957 2693 1152 2741 librario
1188 2691 1454 2756 complures
1490 2691 1676 2740 codices
1704 2701 1813 2741 aute
1839 2692 2006 2741 oculos
2041 2693 2189 2742 fuisse
2215 2694 2405 2744 videan-

103 2793 199 2845 tur,
235 2801 441 2852 quorum
475 2786 741 2849 scriptu-rae
762 2782 1026 2831 videntidem
1061 2800 1167 2830 cum
1202 2800 1284 2845 γρ.
1320 2783 1367 2828 in
1402 2784 1617 2848 margine
1652 2790 1868 2830 enotatae
1895 2790 2027 2832 sunt.

287 2874 402 2923 Jam
438 2875 685 2923 transitum
720 2873 950 2922 faciamus
989 2872 1051 2922 ad
1093 2872 1388 2921 Marcianum
1433 2876 1487 2920 Ψ
1514 2889 1540 2920 a
1577 2871 1992 2921 Sommerbrodtio
2037 2873 2310 2939 diligenter,
2354 2884 2407 2923 ut

104 2964 308 3024 videtur,
344 2963 584 3024 collatum,
620 2982 759 3030 quem
795 2971 848 3012 ut
883 2981 939 3012 ex
974 2962 1156 3022 eodem,
1192 2980 1218 3010 e
1251 2979 1347 3028 quo
1382 2961 1460 3009 Al
1496 2961 1574 3011 Cl
1608 2963 1653 3009 Β
1690 2962 1739 3011 Ο
1777 2962 1825 3011 G
1859 2972 2123 3023 manarunt,
2159 2964 2307 3024 fonte,
2341 2968 2408 3013 ita

251 3160 284 3204 ⁶)
312 3158 412 3195 eonf.
441 3159 551 3204 praef.
581 3159 649 3194 vol.
679 3159 718 3194 11.
745 3164 832 3203 part.
861 3157 884 3193 l.
913 3168 991 3204 pag.
1020 3156 1090 3190 vn.
1867 3186 1873 3193 .

1875 3229 1900 3270 2
