2546 3387
1241 106 1299 153 14

107 244 318 290 rationes
353 242 590 306 explicare
634 251 768 290 tanto
805 242 1049 291 difficilius
1098 253 1193 302 est,
1239 254 1420 311 quanto
1454 248 1620 293 semita
1653 244 1914 296 herbarum
1945 247 2134 297 luxurie
2166 249 2454 298 obscum

106 340 273 397 aperta
307 334 383 380 via
417 331 704 397 impeditior.
2347 347 2350 349 ’

278 422 520 485 Quoniam
567 424 772 472 Luciani
818 441 964 488 opera
1011 440 1038 470 a
1077 432 1347 472 correctore
1389 425 1599 491 quodam
1645 425 1803 474 dedita
1849 442 1997 491 opera
2041 430 2272 477 recensita
2317 445 2423 487 esse

103 512 341 573 videntur,
378 513 515 579 eujus
550 516 618 561 rei
663 531 810 578 supra
854 515 1140 562 mentionem
1176 514 1400 574 fecimus,
1443 505 1832 581 interpolationes
1865 515 1927 564 ab
1963 515 2048 565 illo
2072 518 2324 611 profectas
2357 517 2422 566 ab

103 606 162 652 iis
197 603 510 652 secernendas
546 621 650 652 esse
683 612 899 670 apparet,
936 621 1059 671 quae
1092 606 1347 670 unicuique
1380 604 1533 653 codici
1569 606 1830 671 peculiares
1863 614 1987 655 sunt.

275 694 589 757 Quapropter
625 694 871 741 exordium
908 697 1091 758 capiam
1127 712 1153 740 a
1192 694 1490 742 Florentino
1514 699 1569 753 Φ,
1604 695 1740 760 cujus
1774 696 2090 755 collationem,
2112 696 2289 765 quoad
2324 697 2421 744 col·

103 785 229 833 latus
266 791 362 843 est,
398 784 665 842 Fritzschio
702 784 942 832 debemus.
1012 785 1201 831 Etenim
1236 784 1313 832 hic
1347 784 1498 833 codex
1534 784 1826 846 distinctius,
1863 805 2006 852 quam
2041 788 2182 835 ceteri
2218 784 2420 834 consan-
2454 783 2456 785 ’

103 877 282 941 guinei,
316 877 608 922 recensionis
644 875 769 922 illius
804 877 1058 941 imag-inem
1095 876 1359 939 exprimere
1393 874 1595 935 videtur,
1631 895 1786 942 neque
1811 896 1922 925 raro
1949 896 2040 924 usu
2060 879 2203 938 venit,
2237 884 2290 924 ut
2312 895 2419 925 cum

102 966 300 1014 sinceris
335 963 582 1013 codicibus
618 966 876 1030 conspiret,
905 982 1017 1013 -cum
1053 963 1224 1030 reliqui
1268 964 1338 1029 (F
1372 965 1417 1013 L
1452 964 1510 1013 M
1543 964 1593 1027 Q
1631 968 1686 1014 Ω
1722 968 1777 1032 a)
1812 969 1991 1033 pariter
2024 965 2305 1032 discrepent.
2373 966 2419 1014 E

105 1056 267 1105 multis
303 1072 483 1121 paucos
518 1054 787 1105 adscribam
824 1056 980 1104 locos:

103 1147 304 1196 Somn.
352 1162 456 1211 cap.
507 1147 584 1193 12.
655 1148 746 1210 τῆς
793 1143 1063 1208 δυνάμεως
1108 1147 1219 1194 τῶν
1313 1147 1424 1193 τῶν
1458 1140 1639 1206 λόγων
1673 1149 1766 1211 τῆς
1801 1143 2072 1209 δυνάμεως
2119 1149 2175 1195 Ω
2209 1147 2250 1194 F
2287 1146 2336 1207 Q
2371 1153 2416 1195 et

220 1234 421 1299 Υλόγων
456 1236 533 1283 Α1
571 1241 625 1284 Ψ
660 1241 711 1284 Φ.
1447 1254 1475 1280 v
1510 1238 1540 1283 i.
1577 1254 1615 1283 e.
1653 1254 1695 1283 a.

102 1328 219 1375 ibid.
257 1345 359 1391 cap.
400 1330 476 1373 14.
515 1328 758 1390 συνέπριε
793 1326 869 1374 Al
908 1331 960 1375 Ψ
993 1330 1045 1374 Φ.
1312 1324 1513 1388 ἐνέπριε
1548 1326 1754 1389 (ἔπριεν
1795 1328 1878 1389 Ω)
1917 1330 1972 1374 Ω
2009 1328 2050 1374 F
2085 1327 2136 1387 Q
2170 1346 2198 1372 v
2233 1328 2262 1373 i.
2299 1344 2339 1373 e.
2373 1344 2414 1373 a.

101 1416 403 1467 Alexand.
427 1434 530 1482 cap.
552 1420 598 1466 5.
638 1424 741 1468 τοῖς
779 1417 984 1480 ἐχθροῖς
1018 1417 1063 1464 Β
1092 1419 1145 1464 Ψ
1166 1420 1218 1464 Φ.
1310 1414 1390 1463 ἐπὶ
1425 1421 1529 1465 τοῖς
1564 1414 1770 1479 ἐχθροῖς
1807 1420 1862 1466 Ω
1896 1417 1938 1464 F
1973 1416 2031 1465 M
2065 1435 2106 1465 a.

99 1507 216 1557 ibid.
235 1525 337 1573 cap.
358 1509 440 1556 13.
474 1504 573 1573 τήν
598 1503 776 1572 ἅρπην
799 1507 1062 1573 ἕκείνηνΒ
1091 1510 1143 1555 Ψ
1164 1502 1215 1554 Φ.
1309 1501 1406 1569 τήν
1442 1499 1620 1570 ἅρπην
1658 1509 1712 1555 Ω
1747 1507 1789 1555 F
1823 1507 1894 1555 M.

101 1599 218 1647 ibid.
255 1616 357 1661 cap.
393 1600 474 1645 33.
510 1594 644 1661 ὑπὲρ
680 1602 774 1647 τοῦ
810 1599 854 1645 Β
892 1598 961 1647 Cl
1007 1602 1060 1646 Ψ
1094 1601 1145 1645 Φ.
1307 1598 1425 1658 περὶ
1459 1598 1553 1645 τοῦ
1592 1600 1648 1644 Ω
1682 1599 1724 1645 F
1757 1598 1822 1646 M·
1850 1616 1891 1646 a.

100 1688 217 1738 ibid.
238 1706 342 1753 cap.
360 1685 441 1737 31.
479 1684 623 1738 πάνυ
649 1686 1061 1752 φιλοφρόνωςΒ
1084 1692 1137 1737 Ψ
1162 1691 1212 1736 Φ.
1259 1679 1263 1744 l
1309 1682 1655 1750 φιλοφρόνως
1693 1690 1748 1737 Ω
1781 1689 1824 1737 F.
1860 1688 1991 1737 Ma.

102 1779 260 1829 Gall.
298 1798 399 1842 cap.
436 1780 483 1827 2.
519 1775 766 1842 ἡμίεφθος
799 1779 876 1828 Αἱ
912 1779 980 1829 C¹
1012 1778 1060 1827 G
1093 1782 1144 1828 Φ.
1306 1771 1540 1839 ἡμίοπτα
1573 1781 1660 1827 καὶ
1697 1775 1846 1841 ἑφθά
1884 1782 1984 1828 ssa
2021 1775 2293 1843 (ἡμίεφθα
2327 1784 2415 1831 καὶ

1259 1876 1261 1883 “
1443 1859 1582 1916 ὀπταὶ
1617 1867 1705 1930 L).

270 1958 525 2006 Diversum
575 1957 634 2006 de
668 1957 947 2006 Florentino
986 1956 1219 2021 judicium
1257 1957 1303 2004 in
1340 1956 1451 2005 Bis
1495 1965 1790 2006 accusato
1838 1958 2068 2008 faciamus
2103 1977 2292 2009 necesse.
2328 1970 2412 2021 est,

96 2067 204 2098 cum
243 2050 298 2097 Ω
343 2048 559 2113 sexagies
604 2048 706 2096 fere
750 2048 950 2112 propius
986 2046 1047 2094 ad
1082 2044 1155 2094 Α]
1204 2044 1270 2094 C¹
1324 2048 1376 2093 Ψ
1404 2046 1625 2106 accedat,
1659 2065 1802 2113 quam
1844 2050 1908 2110 Φ;
1967 2051 2006 2096 Φ
2040 2056 2194 2098 autem
2243 2051 2409 2116 viginti

95 2136 427 2188 tantummodo
463 2136 582 2186 locis
616 2138 867 2186 Marciano
903 2134 1243 2201 praeferendus
1278 2137 1352 2184 sit.
1418 2136 1529 2198 Qua
1565 2135 1626 2186 de
1659 2155 1800 2186 causa
1834 2138 1883 2185 in
1918 2136 2011 2186 hoc
2045 2137 2206 2187 libello
2241 2142 2315 2188 sui
2351 2142 2412 2190 sit

95 2227 341 2276 dissimilis
377 2228 531 2275 factus
567 2227 889 2285 Florentinus,
927 2226 1163 2293 explicare
1197 2227 1384 2285 nesci03
1418 2225 1467 2274 id
1502 2228 1658 2291 ipsum
1692 2246 1806 2276 vero
1833 2227 2096 2277 Fritzscbio
2134 2231 2303 2278 mirum
2340 2239 2412 2280 est

92 2322 273 2377 visum,
321 2320 403 2384 qui
450 2317 510 2365 de
545 2317 929 2365 Sommerbrodti
979 2316 1232 2365 collatione
1276 2318 1551 2380 saepissime
1595 2316 1842 2366 dubitavit.
1923 2318 2260 2370 Nihilominusv
2289 2322 2411 2369 inter

96 2409 358 2456 deteriores
392 2407 544 2454 libros
578 2410 896 2472 principatum
920 2416 1045 2454 tenet
1064 2407 1387 2464 FlorentinuS,
1413 2411 1687 2470 praesertim
1718 2425 1823 2455 cum
1858 2411 1920 2455 iis
1950 2389 2090 2466 vitiis,
2127 2427 2250 2474 quae
2284 2428 2411 2458 com-

94 2500 280 2548 mittere
314 2496 470 2546 solent
505 2496 703 2558 librarii‚
739 2516 836 2548 non
872 2499 1010 2545 nimis
1045 2499 1106 2544 sit
1138 2497 1428 2562 inquinatus.

266 2589 343 2636 De
378 2586 584 2635 editione
619 2588 896 2636 Florentina
933 2589 1105 2654 long-us
1143 2604 1245 2634 csse
1278 2587 1405 2633 nolo.
1476 2587 1708 2651 Inspectis
1747 2586 2133 2646 Alexandro,
2179 2588 2288 2635 Bis
2322 2606 2411 2636 ac·

94 2684 333 2738 cusato,
370 2675 827 2742 Philopseude,
864 2676 924 2725 ad
961 2693 1083 2743 quos
1107 2675 1398 2724 Fritzschius
1421 2676 1663 2724 meliorem
1686 2675 1983 2723 collationem
2008 2677 2216 2724 Parisini
2241 2676 2299 2724 Μ
2334 2694 2412 2725 ex·

94 2770 269 2828 cussit,
315 2767 456 2816 facile
501 2784 788 2833 cognosces,
836 2767 1088 2815 editionem
1135 2766 1263 2815 illam
1308 2769 1445 2832 quasi
1491 2765 1711 2815 vacillare
1757 2768 1879 2814 inter
1921 2766 2249 2815 Florentinum
2291 2771 2330 2816 Φ
2366 2776 2411 2818 et

92 2858 367 2906 Parisinum
402 2857 488 2916 M,
524 2857 607 2905 sed
643 2860 724 2917 ita,
765 2865 818 2905 ut
852 2874 1003 2922 paene
1037 2859 1172 2922 qnasi
1202 2857 1335 2923 justo
1372 2856 1580 2923 quodam
1616 2858 1793 2904 vicario
1830 2873 1882 2904 ea
1919 2858 1986 2904 uti
2022 2859 2290 2921 possimuS,
2326 2858 2410 2909 ubi

92 2942 150 2994 M
185 2964 279 2995 non
327 2946 615 3011 suppeditat.
697 2946 922 2995 Ceterum
967 2948 1156 2994 minime
1199 2945 1380 3011 ubique
1425 2945 1515 2993 sibi
1551 2954 1763 3005 constat,
1800 2945 1882 2994 sed
1918 2948 1966 2993 in
2001 2946 2186 3011 aliquot
2220 2946 2409 3008 libellis,

93 3037 222 3087 velut
258 3041 305 3087 in
342 3039 703 3104 Necyomantia,
739 3037 801 3087 ab
838 3039 1030 3103 optimis
1066 3036 1311 3086 codicibus
1349 3054 1502 3103 prope
1537 3035 1684 3085 abest.

267 3127 438 3178 Artius
475 3146 581 3177 cum
617 3128 898 3177 Florentino
939 3131 979 3176 Φ
1014 3127 1311 3192 copulandus
1346 3127 1533 3176 videtur
1567 3129 1608 3175 is
1643 3126 1811 3186 codex,
1849 3128 1930 3191 qui
1967 3128 2240 3187 correctori,
2277 3127 2412 3193 cujus
