2546 3387
1246 140 1308 186 13

127 277 444 341 rell-eodd.;
484 278 756 326 Parasit.
803 296 906 343 cap.
940 279 988 326 2.
1038 273 1202 328 πολύς
1245 277 1297 326 Α
1342 276 1416 338 C,
1464 277 1550 326 sed
1595 277 1647 325 A
1696 280 1743 325 in
1798 297 1949 345 marg.
2005 273 2283 340 πάμπολυς
2333 294 2441 325 enm

129 368 232 420 rell.
260 367 400 419 codd.
458 369 552 418 His
586 371 710 422 enim
744 368 878 427 loeis,
914 367 1046 434 quod
1081 387 1138 417 ex
1174 369 1410 418 editorum
1447 368 1634 417 silentio
1670 368 1883 434 colligas,
1918 369 2066 417 altera
2099 367 2241 416 lectio
2276 367 2439 415 eadem

130 478 226 526 qun
260 459 420 508 eodexr
445 461 552 524 ipse
585 477 728 506 mauu
762 460 939 523 scripta
979 468 1065 507 est.

298 549 585 607 Praeterea,
633 551 724 596 uisi
758 548 927 607 fallor,
962 555 1261 612 septuaginta
1296 551 1398 596 fere
1429 549 1522 595 loci
1558 549 1735 595 residui
1770 558 1905 606 sunt,
1949 548 2033 595 ubi
2078 548 2207 595 nulla
2241 548 2356 595 mihi
2391 550 2441 595 in

129 648 329 702 promtu
366 648 437 687 est
470 637 750 702 expediendi
784 640 924 696 ratio,
959 656 1045 685 eur
1077 638 1129 685 A
1157 648 1202 686 et
1231 639 1273 687 C
1306 642 1356 685 in
1389 640 1582 685 minutis
1619 638 1900 701 plerumque
1932 638 2075 685 rebus
2108 641 2232 685 inter
2263 657 2316 685 se
2349 639 2443 685 dis-

130 729 348 777 sentiant.
399 726 619 789 Quorum
644 727 859 792 paucitas
881 745 1024 792 quam
1051 729 1112 775 sit
1145 747 1234 792 pro
1269 727 1417 776 nihilo
1452 730 1500 775 in
1535 736 1608 775 tot
1641 726 1911 775 libellorum
1946 729 2194 790 scriptore,
2228 730 2276 775 in
2310 736 2441 775 tanta

130 817 386 866 lectionum
428 818 678 882 utriusque
722 815 904 865 codicis
948 819 1302 876 communione,
1353 819 1583 865 neminem
1619 817 1758 882 fugit.
1827 814 1975 864 Adde
2008 815 2139 881 quod
2174 816 2347 865 Belino
2381 834 2442 864 ne

129 916 230 956 tum
277 906 486 973 quidem,
522 925 668 973 quum
703 908 977 954 Pal-isinum
1012 907 1186 955 diserte
1220 907 1433 973 adlegat,
1484 906 1625 955 iidem
1665 906 1844 954 babere
1877 923 2144 971 possumus.
2211 906 2439 967 Evolvas,

131 1013 338 1066 quaeso,
383 994 595 1068 libellum
648 997 739 1044 De
783 995 1035 1045 merced.
1071 995 1258 1057 coud.,
1303 998 1350 1044 in
1395 1014 1491 1063 quo
1535 996 1734 1045 Belinus
1780 1004 1852 1044 ter
1897 995 1957 1044 de
2002 994 2044 1045 C
2091 994 2212 1045 falsa
2258 996 2438 1046 retulit:

133 1106 235 1153 cap.
272 1091 319 1135 4.
368 1086 560 1149 ἀφέλοι
596 1087 638 1135 C
683 1087 892 1151 (Belin.)
936 1116 1004 1123 -—
1049 1081 1225 1151 ἀφέλῃ
1274 1086 1315 1135 C
1361 1106 1465 1134 eum
1501 1087 1551 1135 Α
1595 1088 1819 1151 (Fritz.);
1871 1105 1974 1151 cap.
2015 1088 2090 1134 12.
2136 1081 2363 1148 εὐτύχεις
2396 1086 2439 1136 C

131 1178 341 1243 (Belin.)
375 1206 443 1215 —-
479 1170 707 1237 εὐτυχεῖς
728 1176 770 1225 C
793 1195 897 1224 eum
933 1176 983 1224 Α
1018 1178 1243 1241 (Fritz.);
1280 1195 1382 1241 cap.
1406 1179 1483 1224 15.
1522 1176 1716 1226 οἰκίαΟ
1753 1176 1965 1241 (Belin.)
2003 1177 2222 1226 οἰκετεία
2256 1177 2299 1225 C
2335 1196 2441 1225 eum

128 1269 179 1319 A
216 1269 431 1335 (Fritz.)
480 1266 667 1316 Deinde
700 1285 812 1315 vero
845 1267 1042 1315 Belinus
1077 1266 1205 1315 baud
1242 1266 1385 1315 dubie
1418 1286 1514 1316 non
1549 1284 1657 1315 raro
1694 1266 1767 1315 vel
1802 1284 1893 1332 pro
1930 1267 2079 1315 altero
2115 1267 2338 1316 Parisino
2373 1267 2439 1316 al·

134 1368 316 1419 terum,
351 1358 427 1406 vel
472 1375 561 1423 pro
598 1374 695 1404 uno
732 1356 891 1421 plures
926 1358 1086 1404 citavit
1119 1364 1285 1416 testes,
1322 1356 1453 1422 quod
1488 1360 1711 1422 suspicati
1748 1358 1954 1406 editores
1987 1357 2312 1424 interrogandi
2347 1359 2443 1423 sig-

137 1450 251 1498 num
299 1463 542 1515 apponere
587 1446 753 1493 solent.
838 1446 1061 1512 Denique
1103 1445 1394 1494 Fritzschius
1441 1449 1488 1494 in
1533 1448 1922 1498 Demonactis
1965 1450 2092 1497 vita
2135 1449 2361 1497 Parisino
2397 1447 2439 1497 C

134 1539 319 1606 aliquot
364 1537 532 1585 tribuit
575 1536 826 1595 lectiones,
872 1553 996 1601 quae
1037 1535 1163 1583 illius
1209 1554 1305 1583 non
1351 1554 1454 1584 esse
1504 1537 1735 1587 videntur.
1812 1538 2160 1586 Boissonadius
2212 1541 2333 1587 euim
2377 1540 2438 1588 ad

133 1629 490 1678 Aristaenetum
542 1627 827 1690 compluries
880 1627 1163 1674 mentionem
1217 1627 1378 1692 injecit
1427 1628 1634 1674 Parisini
1687 1628 1931 1693 eujusdam
1984 1648 2110 1677 num.
2155 1631 2313 1689 3010,
2363 1632 2437 1676 eui

69 1704 93 1725 Ι
133 1718 425 1767 Fritzschius
459 1719 599 1764 tacite
633 1715 675 1764 C
710 1717 983 1786 Parisinum
1019 1733 1146 1762 num.
1180 1718 1328 1763 3⁰11.
1366 1717 1622 1764 substituit.
1693 1718 1791 1766 Sed
1827 1736 1932 1766 cum
1970 1728 2015 1766 et
2059 1720 2163 1767 aliis
2207 1719 2324 1766 locis
2358 1720 2435 1766 alii

136 1808 324 1857 codices
357 1807 661 1870 Parisinill)
698 1804 1028 1864 adhibeantur,
1065 1805 1238 1871 quibus
1273 1805 1472 1854 Belinus
1507 1825 1620 1854 usus
1654 1825 1749 1854 non
1786 1816 1870 1866 est,
1905 1827 2003 1857 non
2032 1809 2187 1868 video,
2223 1827 2307 1856 eur
2341 1808 2437 1857 duo

133 1899 202 1947 illi
238 1897 426 1947 codices
463 1895 784 1944 confundendi
819 1897 924 1943 sint.

301 1999 442 2062 Quae
476 2015 582 2047 cum
617 1999 681 2046 ita
717 1999 825 2057 sint,
863 2014 959 2045 non
995 2005 1064 2046 est
1102 1995 1233 2064 quod
1268 1996 1319 2046 A
1356 2004 1402 2046 et
1436 1996 1477 2046 C
1512 1999 1690 2063 pariter
1724 2000 1772 2046 in
1806 1997 1883 2047 Al
1917 1998 1982 2049 C¹
2029 2009 2074 2049 et
2107 2000 2188 2049 A2
2211 1999 2284 2049 C2
2321 2001 2433 2050 diri·

129 2090 330 2139 mendos
377 2106 482 2138 esse
526 2106 758 2136 moneam.
829 2087 1051 2135 Ceterum
1096 2105 1155 2135 ne
1198 2089 1246 2134 in
1289 2089 1346 2134 iis
1391 2087 1581 2153 quidem
1617 2087 1812 2149 libellis,
1847 2089 1931 2137 ubi
1967 2092 2157 2155 optimis
2193 2091 2435 2141 codicibus

136 2179 438 2228 adscribendi
475 2188 611 2238 sunt,
656 2177 1101 2242 interpolationibus
1144 2186 1325 2224 vacant.
1403 2178 1705 2226 Documento
1751 2187 1862 2226 sunt
1895 2182 1925 2226 ii
1962 2180 2081 2240 loci,
2117 2199 2239 2247 quos
2274 2199 2435 2247 supra,

130 2265 237 2317 cum
271 2273 531 2333 scripturas
566 2270 736 2314 horum
773 2269 990 2314 codicum
1026 2270 1247 2331 proprias
1282 2271 1516 2331 congessi,
1553 2271 1777 2314 asterisco
1812 2273 1985 2316 notavi.

302 2370 520 2417 Relieum
546 2378 631 2428 est,
653 2378 705 2414 ut
726 2385 907 2428 eorum,
935 2369 995 2415 de
1018 2367 1194 2433 quibus
1222 2368 1378 2414 adhue
1400 2367 1618 2427 disserui,
1647 2370 1862 2415 codicum
1883 2373 2015 2436 quasi
2052 2379 2245 2417 stemma
2282 2371 2435 2437 quod-

131 2460 241 2507 dam
276 2469 385 2507 ante
420 2460 585 2507 oculos
622 2459 820 2524 ponam:

1291 2527 1328 2584 β

1072 2625 1082 2692 1
1484 2630 1541 2672 Ψ.

776 2730 820 2774 Β
847 2694 1334 2842 om}

297 2897 389 2943 His
435 2895 665 2943 absolutis
710 2894 771 2941 ad
816 2894 1010 2941 alteram
1056 2894 1299 2960 archetypi
1350 2897 1660 2960 propaginem
1710 2896 2109 2962 progrediendum
2147 2908 2243 2957 est,
2293 2901 2431 2966 eujus

277 3117 328 3160 11)
356 3118 560 3163 Sympos.
589 3120 692 3152 sive
719 3118 895 3162 Lapith.
925 3129 1000 3162 cap.
1030 3118 1051 3150 4
1079 3125 1114 3153 et
1140 3129 1216 3162 cap.
1243 3117 1295 3151 19.
1323 3118 1500 3152 Parisinus
1531 3119 1644 3162 10413
1672 3121 1856 3155 Saturn.
1885 3133 1961 3165 cap.
1990 3124 2000 3154 Ι
2032 3130 2067 3156 et
2094 3134 2169 3166 cap.
2201 3123 2230 3156 4.
2258 3124 2433 3157 Parisinus

274 3176 366 3220 apud
392 3175 618 3210 Duebnerum
645 3178 679 3210 in
707 3175 861 3210 editione
887 3175 975 3210 nial.
1002 3183 1102 3211 mort.
1130 3176 1237 3212 Paris.
1270 3175 1373 3211 1864.
1401 3177 1511 3221 praes.
1539 3189 1617 3224 pag.
1648 3178 1702 3213 lv.
1740 3179 1915 3214 Parisinus
1940 3180 2047 3216 2820.
