2546 3387
1244 138 1312 185 20

129 281 219 327 mis
254 278 500 328 codicibus
535 282 815 329 consentire·-
867 280 1038 346 ltaque
1072 297 1129 328 ex
1163 282 1222 329 iis
1254 279 1446 340 libellis,
1477 280 1562 345 qui
1595 280 1659 327 ita
1683 287 1801 327 sunt
1827 283 2105 346 comparati,
2123 279 2237 330 :duo
2264 281 2426 349 colligi

127 377 328 434 possunt
371 368 695 435 exemplorum
739 368 939 438 genera,
983 389 1188 437 quorum
1232 371 1456 430 altemin,
1502 377 1557 418 ut
1599 368 1676 418 Al
1718 367 1824 429 C¹,·
1853 369 2176 431 alternussut
2202 370 2298 420 ‚AQ
2334 364 2419 422 G,

127 477 458 527 agnoscamus,
493 459 704 510 suadeat.
773 461 1001 511 Attamen
1037 463 1076 509 si
1110 463 1216 510 istic
1244 460 1510 511 Gorlicoesi
1546 468 1690 526 atque
1722 460 1948 509 Parisino
1969 459 2024 511 ‘C
2055 461 2284 522 favemus,
2317 462 2422 512 fleri

125 568 222 599 11011
257 558 442 616 potest,
485 551 600 617 quin
635 550 1000 602 vindobonensi
1034 552 1079 600 B
1115 552 1272 601 infesti
1307 553 1453 600 simus
1488 559 1632 618 atque
1665 551 1859 617 iniqui32
1882 560 2000 599 'nam
2035 550 2119 600 11111
2153 550 2231 601 A1
2262 550 2353 610 ,Cl
2393 571 2421 602 a

125 641 171 690 Β
208 640 477 690 recedentes
523 660 631 691 cum
679 641 994 693 deterioribus
1043 641 1289 692 codicibus
1335 643 1638 707 conspirant,
1672 639 2064 692 Vindobonensis
2110 643 2422 709 interpolatus

128 749 231 781 esse
264 735 533 780 necessario
571 734 710 782 nobis
746 733 985 800 putandus
1022 742 1105 781 est.
1173 733 1306 781 Idem
1344 733 1466 781 valet
1501 732 1560 780 de
1593 732 1842 780 Marciano
1887 736 1946 781 Ψ.
2014 732 2128 781 Jam
2163 751 2277 783 vero
2313 746 2419 790 eum

124 823 170 870 Β
207 841 448 888 nunquam
485 824 602 883 fere,
645 828 700 872 Ψ
722 843 817 872 11011
853 827 990 872 11111118
1024 825 1300 890 frequenter
1333 822 1779 888 interpolationibus
1813 825 2107 889 inquinatum
2155 842 2257 873 esse
2301 829 2418 875 scias

124 932 246 972 mus,
282 914 476 961 alteram
511 916 632 962 inire
666 918 895 962 rationem
931 917 1079 962 satius
1115 914 1313 962 videtur.
1362 915 1519 974 Quam
1543 913 1609 961 ob
1638 932 1737 961 rem
1759 933 1830 971 ea,
1864 932 1988 978 quae
2021 933 2167 978 supra
2187 917 2324 979 (pag.
2341 918 2419 980 4.)

123 1021 179 1051 ex
213 1002 529 1051 Abdicato
564 1004 699 1052 attuli
736 1004 964 1069 exempla,
1001 1004 1105 1052 aliis
1133 1003 1234 1069 jam
1271 1012 1501 1052 evertam:

123 1091 413 1142 Abdicat.
451 1111 552 1159 cap.
588 1097 635 1144 7.
672 1091 805 1161 ᾤετο
838 1095 898 1143 Β.
1269 1102 1273 1123 ¹
1314 1095 1477 1144 οἴεται
1512 1093 1592 1142 A²
1616 1092 1688 1142 (22
1715 1093 1848 1142 FM.

121 1183 238 1231 ibid.
274 1201 377 1250 cap.
411 1185 458 1231 8.
490 1181 625 1249 μήτε
660 1183 919 1250 διαβολήν
953 1186 1013 1232 Β.
1308 1181 1442 1248 μήτε
1478 1180 1606 1248 πρὸς
1640 1179 1899 1247 διαβολήν
1934 1182 2014 1230 A²
2046 1182 2118 1231 C²
2144 1185 2186 1231 F
2212 1185 2283 1232 M.

119 1273 234 1322 ibid.
272 1292 374 1340 cap.
413 1275 494 1322 28.
530 1270 698 1341 ὑγροῦ
734 1278 976 1342 περιττοῦ
1012 1276 1070 1323 Β.
1313 1277 1559 1339 περιττοῦ
1595 1290 1686 1321 0111.
1724 1273 1804 1320 Aa
1833 1272 1906 1321 C2
1932 1273 2064 1321 ΡΜ.

292 1367 522 1415 Videmus
550 1370 697 1433 igitur
729 1371 844 1415 satis
873 1368 1114 1414 difficilem
1143 1385 1246 1413 esse
1277 1367 1399 1413 hanc
1426 1368 1765 1432 quaestionem,
1811 1384 1933 1430 quae
1962 1384 2157 1429 prorsus
2185 1366 2246 1412 ad
2278 1366 2414 1433 liqui-

121 1456 233 1503 dum
270 1458 466 1521 perduci
503 1478 599 1505 non
636 1468 808 1522 potest,
848 1462 1124 1523 priusquam
1168 1467 1342 1505 certam
1378 1458 1636 1504 habeamus
1670 1460 1880 1503 omnium
1929 1457 2142 1504 codicum
2186 1436 2415 1506 notitiam.

290 1547 486 1597 Relicus
521 1558 594 1597 est
637 1549 786 1597 codex
820 1548 1151 1607 Monacensis,
1199 1547 1311 1595 olim
1346 1546 1661 1614 Augustanus
1696 1546 1770 1608 Q,
1823 1546 1957 1613 cujus
1999 1550 2151 1612 prima
2187 1567 2354 1598 manus
2384 1568 2415 1597 a

120 1636 500 1705 Guelferbytano
535 1639 578 1686 F
613 1658 708 1687 non
744 1638 927 1687 diversa
964 1657 1067 1686 esse
1100 1638 1299 1686 videtur.
1347 1637 1490 1686 Conf.
1527 1637 1727 1685 Somn.
1765 1655 1867 1701 cap.
1906 1640 1961 1698 13
1998 1655 2100 1702 cap.
2135 1640 2193 1701 63
2229 1657 2331 1704 cap.
2365 1640 2413 1688 9.

121 1729 249 1789 init.;
285 1746 386 1795 cap.
424 1731 503 1776 lt).
540 1728 630 1776 sub
664 1730 771 1791 fln.;
807 1747 909 1794 cap.
950 1730 1011 1776 12
1046 1728 1167 1776 med.
1237 1726 1458 1776 Secunda
1495 1747 1689 1786 manus,
1738 1746 1879 1795 quam
1915 1746 2056 1793 saepe
2089 1737 2310 1793 expertus
2345 1737 2416 1796 est

118 1818 184 1880 Q,
220 1820 499 1868 Florentino
539 1824 578 1868 Φ
613 1821 772 1869 affinis
808 1828 892 1868 est.
962 1819 1105 1868 Conf.
1142 1818 1338 1868 Somn.
1375 1837 1478 1884 cap.
1512 1821 1572 1881 33
1607 1837 1711 1885 cap.
1746 1821 1794 1867 9.
1829 1820 1929 1867 init.

303 1911 417 1958 Jam
456 1928 554 1978 quo
590 1912 776 1959 facilius
810 1913 1175 1977 perspiciantur,
1221 1927 1345 1976 quae
1379 1909 1440 1957 de
1474 1909 1690 1957 codicum
1727 1912 1910 1978 origine
1945 1917 2089 1976 atque
2123 1912 2414 1977 cognationi·

120 1999 212 2048 hus
247 2001 494 2069 hueusque
530 2002 782 2070 disputavi,
818 2004 1028 2068 repetitis
1063 2004 1136 2062 iis,
1172 2018 1296 2067 quos
1331 2018 1473 2066 supra
1499 2001 1636 2067 (pag.
1656 2002 1747 2065 13)
1775 2000 2004 2066 disposui,
2040 2017 2202 2047 omnes
2237 2002 2285 2048 in
2318 2017 2415 2050 uno

116 2095 254 2158 quasi
292 2103 548 2159 conspectu
583 2112 781 2159 ponam:

792 2269 841 2325 β.
1601 2278 1651 2321 γ.
1937 2338 1946 2341 ἡ

328 2469 525 2516 BOG.
799 2469 889 2515 C1.
1047 2474 1098 2515 Φ.
1366 2469 1531 2515 021..
1754 2472 1870 2515 ssa.
2072 2469 2208 2528 ΟΜ.

798 2533 894 2582 Αἱ.
1368 2533 1466 2583 A2.

913 2624 918 2629 ’
1470 2638 1559 2686 Fl.
1995 2643 1999 2646 “
2041 2637 2140 2685 F2.

280 2727 392 2776 Non
428 2727 599 2776 desunt
634 2726 826 2794 quidem
862 2727 980 2785 loci,
1031 2729 1111 2793 qui
1147 2726 1208 2776 ab
1254 2727 1345 2776 hoc
1390 2736 1633 2776 stemmate
1674 2726 1987 2793 degenerasse
2019 2725 2294 2787 videantur,
2328 2726 2413 2776 sed

111 2835 268 2885 neque
304 2816 426 2868 adeo
464 2826 575 2868 sunt
611 2818 764 2880 multi,
800 2837 955 2886 neque
989 2825 1168 2867 tautum
1204 2818 1376 2880 valent,
1411 2826 1463 2867 ut
1498 2817 1712 2868 codicum
1759 2818 2088 2886 cognationem
2123 2823 2249 2866 recte
2281 2816 2413 2867 iuda·

110 2919 272 2978 gatam
309 2928 412 2959 esse
445 2929 686 2980 negemus.
755 2911 972 2959 Primum
1025 2913 1145 2958 enim
1192 2910 1307 2959 1111111
1350 2928 1628 2978 persuasum
1677 2909 1857 2969 babeo,
1902 2909 2036 2957 libris
2082 2911 2412 2976 manuscriptis

108 3003 307 3062 melius,
345 3021 487 3069 quam
525 3002 682 3050 adhuc
716 3004 894 3050 factum
933 3011 1019 3061 est,
1056 3005 1278 3062 excussis,
1314 3021 1410 3050 non
1445 3021 1597 3068 pauca
1634 3001 1864 3067 ejusmodi
1903 3000 2146 3047 obstacula
2182 2999 2423 3049 remotum*

106 3097 195 3156 iri,
241 3092 413 3143 deinde
446 3096 607 3142 variae
651 3094 902 3153 lectiones,
941 3094 1078 3140 etiam
1113 3096 1290 3142 nostris
1327 3093 1571 3142 codicibus
1607 3094 1807 3159 sparsim
1844 3091 2136 3157 adscriptae,
2180 3093 2304 3140 viam
2338 3111 2412 3140 ra·

105 3189 377 3251 tionemque
412 3185 694 3234 colluvionis
730 3187 845 3233 satis
881 3184 1104 3233 indicant.
