<?xml version="1.0" encoding="UTF-8"?>
<!DOCTYPE html PUBLIC "-//W3C//DTD XHTML 1.0 Transitional//EN"
    "http://www.w3.org/TR/xhtml1/DTD/xhtml1-transitional.dtd">
<html xmlns="http://www.w3.org/1999/xhtml" xml:lang="en" lang="en">
 <head>
  <title>
</title>
<meta http-equiv="Content-Type" content="text/html;charset=utf-8" />
  <meta name='ocr-system' content='tesseract 3.04.00' />
  <meta name='ocr-capabilities' content='ocr_page ocr_carea ocr_par ocr_line ocrx_word'/>
</head>
<body>
  <div class='ocr_page' id='page_1' title='image "4766846_0025.png"; bbox 0 0 2546 3387; ppageno 0'>
   <div class='ocr_carea' id='block_1_1' title="bbox 1250 110 1311 158">
    <p class='ocr_par' dir='ltr' id='par_1_1' title="bbox 1250 110 1311 158">
     <span class='ocr_line' id='line_1_1' title="bbox 1250 110 1311 158; baseline 0 0"><span class='ocrx_word' id='word_1_1' title='bbox 1250 110 1311 158; x_wconf 84' lang='grc'><strong>1-7</strong></span> 
     </span>
    </p>
   </div>
   <div class='ocr_carea' id='block_1_2' title="bbox 70 242 2416 1403">
    <p class='ocr_par' dir='ltr' id='par_1_2' title="bbox 132 242 2416 318">
     <span class='ocr_line' id='line_1_2' title="bbox 132 242 2416 318; baseline -0 -19"><span class='ocrx_word' id='word_1_2' title='bbox 132 251 303 316; x_wconf 69' lang='lat' dir='ltr'><strong>copia,</strong></span> <span class='ocrx_word' id='word_1_3' title='bbox 340 242 430 297; x_wconf 77' lang='lat' dir='ltr'><strong>ubi</strong></span> <span class='ocrx_word' id='word_1_4' title='bbox 474 248 877 318; x_wconf 64' lang='lat' dir='ltr'><strong>Guelferbytanus</strong></span> <span class='ocrx_word' id='word_1_5' title='bbox 920 268 1026 300; x_wconf 79' lang='lat' dir='ltr'><strong>cum</strong></span> <span class='ocrx_word' id='word_1_6' title='bbox 1068 252 1192 300; x_wconf 80' lang='lat' dir='ltr'><strong>solo</strong></span> <span class='ocrx_word' id='word_1_7' title='bbox 1209 251 1432 298; x_wconf 78' lang='lat' dir='ltr'><strong>Parisino</strong></span> <span class='ocrx_word' id='word_1_8' title='bbox 1466 249 1524 297; x_wconf 87' lang='grc' dir='ltr'><strong>Μ</strong></span> <span class='ocrx_word' id='word_1_9' title='bbox 1557 252 1821 315; x_wconf 80' lang='lat' dir='ltr'>conspirat,</span> <span class='ocrx_word' id='word_1_10' title='bbox 1867 269 1896 298; x_wconf 80' lang='lat' dir='ltr'><strong>a</strong></span> <span class='ocrx_word' id='word_1_11' title='bbox 1930 250 2126 317; x_wconf 85' lang='lat' dir='ltr'><strong>reliquis</strong></span> <span class='ocrx_word' id='word_1_12' title='bbox 2172 248 2416 298; x_wconf 73' lang='lat' dir='ltr'><strong>codicibus</strong></span> 
     </span>
    </p>

    <p class='ocr_par' dir='ltr' id='par_1_3' title="bbox 133 339 2381 389">
     <span class='ocr_line' id='line_1_3' title="bbox 133 339 2381 389; baseline 0 0"><span class='ocrx_word' id='word_1_13' title='bbox 133 339 355 389; x_wconf 78' lang='lat' dir='ltr'><strong>omnibns·</strong></span> <span class='ocrx_word' id='word_1_14' title='bbox 389 339 602 388; x_wconf 78' lang='lat' dir='ltr'><strong>diversus</strong></span> <span class='ocrx_word' id='word_1_15' title='bbox 633 349 730 389; x_wconf 86' lang='lat' dir='ltr'><strong>est:</strong></span> <span class='ocrx_word' id='word_1_16' title='bbox 2379 368 2381 370; x_wconf 96' lang='lat'>·</span> 
     </span>
    </p>

    <p class='ocr_par' dir='ltr' id='par_1_4' title="bbox 132 419 1771 497">
     <span class='ocr_line' id='line_1_4' title="bbox 132 419 1771 497; baseline -0.002 -16"><span class='ocrx_word' id='word_1_17' title='bbox 132 430 290 481; x_wconf 63' lang='lat' dir='ltr'><strong>mat</strong></span> <span class='ocrx_word' id='word_1_18' title='bbox 325 429 488 480; x_wconf 74' lang='lat' dir='ltr'><strong>deor.</strong></span> <span class='ocrx_word' id='word_1_19' title='bbox 519 431 570 491; x_wconf 80' lang='lat'><strong>2,</strong></span> <span class='ocrx_word' id='word_1_20' title='bbox 607 433 652 479; x_wconf 90' lang='lat'><strong>1.</strong></span> <span class='ocrx_word' id='word_1_21' title='bbox 687 434 889 497; x_wconf 70' lang='grc' dir='ltr'><em>συνῆκα</em></span> <span class='ocrx_word' id='word_1_22' title='bbox 923 431 999 481; x_wconf 76' lang='grc' dir='ltr'><strong>Αι</strong></span> <span class='ocrx_word' id='word_1_23' title='bbox 1025 433 1070 483; x_wconf 81' lang='grc' dir='ltr'><strong>Β</strong></span> <span class='ocrx_word' id='word_1_24' title='bbox 1107 441 1153 483; x_wconf 70' lang='lat' dir='ltr'><strong>et</strong></span> <span class='ocrx_word' id='word_1_25' title='bbox 1185 453 1228 483; x_wconf 67' lang='lat' dir='ltr'><strong>v.</strong></span> <span class='ocrx_word' id='word_1_26' title='bbox 1273 433 1278 459; x_wconf 82' lang='lat'>¹</span> <span class='ocrx_word' id='word_1_27' title='bbox 1323 419 1592 496; x_wconf 54' lang='grc' dir='ltr'><strong>συνῆλθον</strong></span> <span class='ocrx_word' id='word_1_28' title='bbox 1625 430 1667 478; x_wconf 80' lang='lat' dir='ltr'><strong>F</strong></span> <span class='ocrx_word' id='word_1_29' title='bbox 1701 429 1771 478; x_wconf 83' lang='lat' dir='ltr'><strong>M.</strong></span> 
     </span>
    </p>

    <p class='ocr_par' dir='ltr' id='par_1_5' title="bbox 109 520 1999 587">
     <span class='ocr_line' id='line_1_5' title="bbox 109 520 1999 587; baseline -0.001 -16"><span class='ocrx_word' id='word_1_30' title='bbox 109 556 111 559; x_wconf 27' lang='grc' dir='ltr'><strong><em>ι</em></strong></span> <span class='ocrx_word' id='word_1_31' title='bbox 133 520 249 572; x_wconf 84' lang='lat' dir='ltr'><strong>ibid.</strong></span> <span class='ocrx_word' id='word_1_32' title='bbox 267 523 317 582; x_wconf 76' lang='lat'><strong>6,</strong></span> <span class='ocrx_word' id='word_1_33' title='bbox 333 524 380 571; x_wconf 77' lang='lat'><strong>4.</strong></span> <span class='ocrx_word' id='word_1_34' title='bbox 406 523 1037 587; x_wconf 63' lang='grc' dir='ltr'><strong>παρακατακλίνωβιενᾼῑ</strong></span> <span class='ocrx_word' id='word_1_35' title='bbox 1057 525 1102 574; x_wconf 89' lang='grc' dir='ltr'><strong>Β</strong></span> <span class='ocrx_word' id='word_1_36' title='bbox 1124 534 1170 575; x_wconf 84' lang='lat' dir='ltr'><strong>et</strong></span> <span class='ocrx_word' id='word_1_37' title='bbox 1188 545 1229 575; x_wconf 83' lang='lat' dir='ltr'><strong>v.</strong></span> <span class='ocrx_word' id='word_1_38' title='bbox 1324 520 1819 585; x_wconf 75' lang='grc' dir='ltr'><strong><em>συγκατακλίνωμεν</em></strong></span> <span class='ocrx_word' id='word_1_39' title='bbox 1853 522 1895 570; x_wconf 88' lang='lat' dir='ltr'><strong>F</strong></span> <span class='ocrx_word' id='word_1_40' title='bbox 1928 521 1999 570; x_wconf 83' lang='lat' dir='ltr'><strong>M.</strong></span> 
     </span>
    </p>

    <p class='ocr_par' dir='ltr' id='par_1_6' title="bbox 133 608 1647 679">
     <span class='ocr_line' id='line_1_6' title="bbox 133 608 1647 679; baseline -0.001 -18"><span class='ocrx_word' id='word_1_41' title='bbox 133 612 250 662; x_wconf 83' lang='lat' dir='ltr'><strong>ibid.</strong></span> <span class='ocrx_word' id='word_1_42' title='bbox 283 614 333 674; x_wconf 76' lang='lat'><strong>6,</strong></span> <span class='ocrx_word' id='word_1_43' title='bbox 367 614 413 660; x_wconf 83' lang='lat'><strong>5.</strong></span> <span class='ocrx_word' id='word_1_44' title='bbox 449 608 653 678; x_wconf 75' lang='grc' dir='ltr'><em>ποιήσει</em></span> <span class='ocrx_word' id='word_1_45' title='bbox 686 612 764 660; x_wconf 76' lang='lat' dir='ltr'><strong>Al</strong></span> <span class='ocrx_word' id='word_1_46' title='bbox 793 613 852 660; x_wconf 57' lang='lat' dir='ltr'><strong>B:</strong></span> <span class='ocrx_word' id='word_1_47' title='bbox 874 621 918 661; x_wconf 88' lang='lat' dir='ltr'><strong>et</strong></span> <span class='ocrx_word' id='word_1_48' title='bbox 951 633 995 663; x_wconf 86' lang='lat' dir='ltr'><strong>v.</strong></span> <span class='ocrx_word' id='word_1_49' title='bbox 1321 608 1438 679; x_wconf 74' lang='grc' dir='ltr'><strong>ἥξει</strong></span> <span class='ocrx_word' id='word_1_50' title='bbox 1471 613 1514 660; x_wconf 98' lang='lat' dir='ltr'><strong>F</strong></span> <span class='ocrx_word' id='word_1_51' title='bbox 1547 611 1647 660; x_wconf 90' lang='grc' dir='ltr'><strong>Μ.·</strong></span> 
     </span>
    </p>

    <p class='ocr_par' dir='ltr' id='par_1_7' title="bbox 135 700 1784 768">
     <span class='ocr_line' id='line_1_7' title="bbox 135 700 1784 768; baseline -0.001 -16"><span class='ocrx_word' id='word_1_52' title='bbox 135 704 250 753; x_wconf 88' lang='lat' dir='ltr'><strong>ibid.</strong></span> <span class='ocrx_word' id='word_1_53' title='bbox 285 705 368 762; x_wconf 80' lang='lat'><strong>23,</strong></span> <span class='ocrx_word' id='word_1_54' title='bbox 405 706 450 750; x_wconf 89' lang='lat' dir='ltr'><strong>l.</strong></span> <span class='ocrx_word' id='word_1_55' title='bbox 486 704 540 768; x_wconf 78' lang='grc' dir='ltr'><strong>ἰᾷ</strong></span> <span class='ocrx_word' id='word_1_56' title='bbox 575 703 652 751; x_wconf 69' lang='lat' dir='ltr'><strong>Al</strong></span> <span class='ocrx_word' id='word_1_57' title='bbox 680 704 724 751; x_wconf 88' lang='grc' dir='ltr'><strong>Β</strong></span> <span class='ocrx_word' id='word_1_58' title='bbox 761 713 812 752; x_wconf 82' lang='lat' dir='ltr'><strong>et</strong></span> <span class='ocrx_word' id='word_1_59' title='bbox 839 723 883 752; x_wconf 78' lang='lat' dir='ltr'><strong>v.</strong></span> <span class='ocrx_word' id='word_1_60' title='bbox 1321 700 1605 768; x_wconf 65' lang='grc' dir='ltr'><strong><em>θεραπεύει</em></strong></span> <span class='ocrx_word' id='word_1_61' title='bbox 1638 705 1680 751; x_wconf 83' lang='lat' dir='ltr'><strong>F</strong></span> <span class='ocrx_word' id='word_1_62' title='bbox 1714 704 1784 751; x_wconf 86' lang='lat' dir='ltr'><strong>M.</strong></span> 
     </span>
    </p>

    <p class='ocr_par' dir='ltr' id='par_1_8' title="bbox 134 787 2415 950">
     <span class='ocr_line' id='line_1_8' title="bbox 134 787 1140 852; baseline 0.002 -10"><span class='ocrx_word' id='word_1_63' title='bbox 134 795 249 842; x_wconf 89' lang='lat' dir='ltr'><strong>ibid.</strong></span> <span class='ocrx_word' id='word_1_64' title='bbox 284 796 366 852; x_wconf 78' lang='lat'><strong>23,</strong></span> <span class='ocrx_word' id='word_1_65' title='bbox 400 796 447 840; x_wconf 85' lang='lat'><strong>2.</strong></span> <span class='ocrx_word' id='word_1_66' title='bbox 483 787 598 842; x_wconf 83' lang='grc' dir='ltr'><strong><em>κατ’</em></strong></span> <span class='ocrx_word' id='word_1_67' title='bbox 635 787 799 844; x_wconf 73' lang='grc' dir='ltr'><em>αὐτάς</em></span> <span class='ocrx_word' id='word_1_68' title='bbox 833 795 908 842; x_wconf 78' lang='lat' dir='ltr'><strong>Al</strong></span> <span class='ocrx_word' id='word_1_69' title='bbox 938 797 982 842; x_wconf 90' lang='grc' dir='ltr'><strong><em>Β</em></strong></span> <span class='ocrx_word' id='word_1_70' title='bbox 1020 804 1065 843; x_wconf 88' lang='lat' dir='ltr'><strong>et</strong></span> <span class='ocrx_word' id='word_1_71' title='bbox 1097 816 1140 844; x_wconf 88' lang='lat' dir='ltr'><strong>v.</strong></span> 
     </span>
     <span class='ocr_line' id='line_1_9' title="bbox 305 883 2415 950; baseline 0.001 -20"><span class='ocrx_word' id='word_1_72' title='bbox 305 883 525 949; x_wconf 81' lang='lat' dir='ltr'><strong>Denique</strong></span> <span class='ocrx_word' id='word_1_73' title='bbox 560 883 790 948; x_wconf 85' lang='lat' dir='ltr'><strong>ejusmodi</strong></span> <span class='ocrx_word' id='word_1_74' title='bbox 824 885 916 932; x_wconf 88' lang='lat' dir='ltr'><strong>loci</strong></span> <span class='ocrx_word' id='word_1_75' title='bbox 950 885 1065 933; x_wconf 83' lang='lat' dir='ltr'><strong>mihi</strong></span> <span class='ocrx_word' id='word_1_76' title='bbox 1098 885 1300 934; x_wconf 87' lang='lat' dir='ltr'><strong>addendi</strong></span> <span class='ocrx_word' id='word_1_77' title='bbox 1335 894 1458 944; x_wconf 88' lang='lat' dir='ltr'><strong>sunt,</strong></span> <span class='ocrx_word' id='word_1_78' title='bbox 1493 884 1576 931; x_wconf 89' lang='lat' dir='ltr'><strong>nbi</strong></span> <span class='ocrx_word' id='word_1_79' title='bbox 1611 885 1653 931; x_wconf 84' lang='lat' dir='ltr'><strong>F</strong></span> <span class='ocrx_word' id='word_1_80' title='bbox 1688 885 1732 931; x_wconf 92' lang='lat' dir='ltr'>L</span> <span class='ocrx_word' id='word_1_81' title='bbox 1767 883 1824 931; x_wconf 90' lang='grc' dir='ltr'><strong>Μ</strong></span> <span class='ocrx_word' id='word_1_82' title='bbox 1857 902 1900 941; x_wconf 88' lang='lat' dir='ltr'><strong>a,</strong></span> <span class='ocrx_word' id='word_1_83' title='bbox 1936 885 2018 948; x_wconf 88' lang='lat' dir='ltr'><strong>qui</strong></span> <span class='ocrx_word' id='word_1_84' title='bbox 2057 904 2085 929; x_wconf 88' lang='lat' dir='ltr'>v</span> <span class='ocrx_word' id='word_1_85' title='bbox 2119 886 2255 950; x_wconf 73' lang='lat' dir='ltr'><strong>signo</strong></span> <span class='ocrx_word' id='word_1_86' title='bbox 2290 903 2415 933; x_wconf 88' lang='lat' dir='ltr'><strong>eom-</strong></span> 
     </span>
    </p>

    <p class='ocr_par' dir='ltr' id='par_1_9' title="bbox 70 956 1577 1039">
     <span class='ocr_line' id='line_1_10' title="bbox 70 956 1577 1039; baseline 0.003 -18"><span class='ocrx_word' id='word_1_87' title='bbox 70 1008 74 1014; x_wconf 94' lang='grc'>-</span> <span class='ocrx_word' id='word_1_88' title='bbox 136 973 508 1038; x_wconf 84' lang='lat' dir='ltr'><strong>prehenduntur,</strong></span> <span class='ocrx_word' id='word_1_89' title='bbox 542 972 604 1021; x_wconf 87' lang='lat' dir='ltr'><strong>ab</strong></span> <span class='ocrx_word' id='word_1_90' title='bbox 639 972 715 1021; x_wconf 73' lang='lat' dir='ltr'><strong>Al</strong></span> <span class='ocrx_word' id='word_1_91' title='bbox 743 975 788 1022; x_wconf 88' lang='lat' dir='ltr'><strong>B</strong></span> <span class='ocrx_word' id='word_1_92' title='bbox 824 977 1001 1039; x_wconf 84' lang='lat' dir='ltr'><strong>pariter</strong></span> <span class='ocrx_word' id='word_1_93' title='bbox 1033 975 1274 1025; x_wconf 83' lang='lat' dir='ltr'><strong>recedunt:</strong></span> <span class='ocrx_word' id='word_1_94' title='bbox 1488 956 1497 964; x_wconf 68' lang='lat'><em>,</em></span> <span class='ocrx_word' id='word_1_95' title='bbox 1572 957 1577 960; x_wconf 20' lang='lat' dir='ltr'>v</span> 
     </span>
    </p>

    <p class='ocr_par' dir='ltr' id='par_1_10' title="bbox 134 1063 1080 1123">
     <span class='ocr_line' id='line_1_11' title="bbox 134 1063 1080 1123; baseline 0.002 -11"><span class='ocrx_word' id='word_1_96' title='bbox 134 1063 291 1112; x_wconf 75' lang='lat' dir='ltr'><strong>nial.</strong></span> <span class='ocrx_word' id='word_1_97' title='bbox 327 1063 489 1112; x_wconf 86' lang='lat' dir='ltr'><strong>deor.</strong></span> <span class='ocrx_word' id='word_1_98' title='bbox 525 1064 576 1123; x_wconf 82' lang='lat'><strong>5,</strong></span> <span class='ocrx_word' id='word_1_99' title='bbox 609 1065 655 1111; x_wconf 82' lang='lat'><strong>2.</strong></span> <span class='ocrx_word' id='word_1_100' title='bbox 692 1065 886 1115; x_wconf 78' lang='grc' dir='ltr'><em>εἰκαῖον</em></span> <span class='ocrx_word' id='word_1_101' title='bbox 918 1064 994 1113; x_wconf 79' lang='lat' dir='ltr'><strong>Al</strong></span> <span class='ocrx_word' id='word_1_102' title='bbox 1020 1066 1080 1114; x_wconf 94' lang='grc' dir='ltr'><strong>Β.</strong></span> 
     </span>
    </p>

    <p class='ocr_par' dir='ltr' id='par_1_11' title="bbox 135 1153 960 1228">
     <span class='ocr_line' id='line_1_12' title="bbox 135 1153 960 1228; baseline 0.002 -26"><span class='ocrx_word' id='word_1_103' title='bbox 135 1153 249 1203; x_wconf 87' lang='lat' dir='ltr'><strong>ibid.</strong></span> <span class='ocrx_word' id='word_1_104' title='bbox 285 1156 335 1214; x_wconf 85' lang='lat'><strong>7,</strong></span> <span class='ocrx_word' id='word_1_105' title='bbox 378 1159 418 1202; x_wconf 85' lang='lat'><strong>1.</strong></span> <span class='ocrx_word' id='word_1_106' title='bbox 455 1158 752 1228; x_wconf 66' lang='grc' dir='ltr'><em>προςμειριᾷ</em></span> <span class='ocrx_word' id='word_1_107' title='bbox 786 1154 863 1204; x_wconf 83' lang='grc' dir='ltr'><strong>Αι</strong></span> <span class='ocrx_word' id='word_1_108' title='bbox 901 1157 960 1205; x_wconf 88' lang='grc' dir='ltr'><strong>Β.</strong></span> 
     </span>
    </p>

    <p class='ocr_par' dir='ltr' id='par_1_12' title="bbox 135 1238 1228 1311">
     <span class='ocr_line' id='line_1_13' title="bbox 135 1238 1228 1311; baseline 0.003 -17"><span class='ocrx_word' id='word_1_109' title='bbox 135 1245 250 1294; x_wconf 79' lang='lat' dir='ltr'><strong>ibid.</strong></span> <span class='ocrx_word' id='word_1_110' title='bbox 274 1248 355 1305; x_wconf 82' lang='lat'><strong>12,</strong></span> <span class='ocrx_word' id='word_1_111' title='bbox 379 1249 422 1293; x_wconf 92' lang='lat' dir='ltr'><strong>l.</strong></span> <span class='ocrx_word' id='word_1_112' title='bbox 457 1249 629 1310; x_wconf 69' lang='grc' dir='ltr'>γραῦν</span> <span class='ocrx_word' id='word_1_113' title='bbox 663 1243 763 1311; x_wconf 77' lang='grc' dir='ltr'><strong>ἤδη</strong></span> <span class='ocrx_word' id='word_1_114' title='bbox 786 1276 852 1284; x_wconf 87' lang='lat'>-</span> <span class='ocrx_word' id='word_1_115' title='bbox 875 1238 1039 1299; x_wconf 72' lang='grc' dir='ltr'><em>οὖσαν</em></span> <span class='ocrx_word' id='word_1_116' title='bbox 1071 1246 1147 1295; x_wconf 60' lang='grc' dir='ltr'><strong>Αἱ</strong></span> <span class='ocrx_word' id='word_1_117' title='bbox 1171 1248 1228 1297; x_wconf 88' lang='grc' dir='ltr'><strong>Β.</strong></span> 
     </span>
    </p>

    <p class='ocr_par' dir='ltr' id='par_1_13' title="bbox 134 1273 1788 1403">
     <span class='ocr_line' id='line_1_14' title="bbox 134 1273 1788 1403; baseline -0.001 -19"><span class='ocrx_word' id='word_1_118' title='bbox 134 1337 249 1385; x_wconf 87' lang='lat' dir='ltr'><strong>ibid.</strong></span> <span class='ocrx_word' id='word_1_119' title='bbox 283 1339 366 1396; x_wconf 82' lang='lat'><strong>21,</strong></span> <span class='ocrx_word' id='word_1_120' title='bbox 404 1340 447 1384; x_wconf 84' lang='lat' dir='ltr'><strong>l.</strong></span> <span class='ocrx_word' id='word_1_121' title='bbox 483 1335 870 1402; x_wconf 52' lang='grc' dir='ltr'><em>καταπονήσειν</em></span> <span class='ocrx_word' id='word_1_122' title='bbox 904 1339 979 1387; x_wconf 74' lang='grc' dir='ltr'><strong>Αἱ</strong></span> <span class='ocrx_word' id='word_1_123' title='bbox 1009 1340 1069 1386; x_wconf 87' lang='grc' dir='ltr'><strong>Β.</strong></span> <span class='ocrx_word' id='word_1_124' title='bbox 1275 1273 1280 1403; x_wconf 63' lang='grc' dir='ltr'><strong>Ῐ</strong></span> <span class='ocrx_word' id='word_1_125' title='bbox 1322 1335 1716 1402; x_wconf 74' lang='grc' dir='ltr'><em>καταβαρήσειν</em></span> <span class='ocrx_word' id='word_1_126' title='bbox 1747 1358 1788 1384; x_wconf 84' lang='lat' dir='ltr'><strong>v.</strong></span> 
     </span>
    </p>
   </div>
   <div class='ocr_carea' id='block_1_3' title="bbox 1273 635 1279 832">
    <p class='ocr_par' dir='ltr' id='par_1_14' title="bbox 1273 635 1279 832">
     <span class='ocr_line' id='line_1_15' title="bbox 1273 635 1279 832; baseline 0 2555"><span class='ocrx_word' id='word_1_127' title='bbox 1273 635 1279 832; x_wconf 95' lang='lat' dir='ltr'><strong> </strong></span> 
     </span>
    </p>
   </div>
   <div class='ocr_carea' id='block_1_4' title="bbox 1323 788 1819 857">
    <p class='ocr_par' dir='ltr' id='par_1_15' title="bbox 1323 788 1819 857">
     <span class='ocr_line' id='line_1_16' title="bbox 1323 788 1819 857; baseline -0.002 -15"><span class='ocrx_word' id='word_1_128' title='bbox 1323 799 1440 857; x_wconf 77' lang='grc' dir='ltr'>περὶ</span> <span class='ocrx_word' id='word_1_129' title='bbox 1475 788 1640 843; x_wconf 78' lang='grc' dir='ltr'><em>αὐτάς</em></span> <span class='ocrx_word' id='word_1_130' title='bbox 1674 796 1716 841; x_wconf 89' lang='lat' dir='ltr'><strong>F</strong></span> <span class='ocrx_word' id='word_1_131' title='bbox 1749 795 1819 841; x_wconf 89' lang='grc' dir='ltr'><strong>Μ.</strong></span> 
     </span>
    </p>
   </div>
   <div class='ocr_carea' id='block_1_5' title="bbox 1327 1057 1597 1114">
    <p class='ocr_par' dir='ltr' id='par_1_16' title="bbox 1327 1057 1597 1114">
     <span class='ocr_line' id='line_1_17' title="bbox 1327 1057 1597 1114; baseline 0 -2"><span class='ocrx_word' id='word_1_132' title='bbox 1327 1057 1521 1114; x_wconf 79' lang='grc' dir='ltr'><em>Ἰδαῖον</em></span> <span class='ocrx_word' id='word_1_133' title='bbox 1555 1084 1597 1112; x_wconf 87' lang='lat' dir='ltr'><strong>v.</strong></span> 
     </span>
    </p>
   </div>
   <div class='ocr_carea' id='block_1_6' title="bbox 1324 1158 1661 1221">
    <p class='ocr_par' dir='ltr' id='par_1_17' title="bbox 1324 1158 1661 1221">
     <span class='ocr_line' id='line_1_18' title="bbox 1324 1158 1661 1221; baseline -0.006 -17"><span class='ocrx_word' id='word_1_134' title='bbox 1324 1158 1583 1221; x_wconf 81' lang='grc' dir='ltr'><em>προςγελᾷ</em></span> <span class='ocrx_word' id='word_1_135' title='bbox 1620 1176 1661 1203; x_wconf 89' lang='lat' dir='ltr'><strong>v.</strong></span> 
     </span>
    </p>
   </div>
   <div class='ocr_carea' id='block_1_7' title="bbox 1275 1071 1282 1268">
    <p class='ocr_par' dir='ltr' id='par_1_18' title="bbox 1275 1071 1282 1268">
     <span class='ocr_line' id='line_1_19' title="bbox 1275 1071 1282 1268; baseline 0 2119"><span class='ocrx_word' id='word_1_136' title='bbox 1275 1071 1282 1268; x_wconf 95' lang='lat' dir='ltr'><strong> </strong></span> 
     </span>
    </p>
   </div>
   <div class='ocr_carea' id='block_1_8' title="bbox 1325 1237 1693 1296">
    <p class='ocr_par' dir='ltr' id='par_1_19' title="bbox 1325 1237 1693 1296">
     <span class='ocr_line' id='line_1_20' title="bbox 1325 1237 1693 1296; baseline -0.008 0"><span class='ocrx_word' id='word_1_137' title='bbox 1325 1237 1489 1296; x_wconf 78' lang='grc' dir='ltr'><em>οὖσαν</em></span> <span class='ocrx_word' id='word_1_138' title='bbox 1524 1265 1615 1295; x_wconf 87' lang='lat' dir='ltr'><strong>om.</strong></span> <span class='ocrx_word' id='word_1_139' title='bbox 1651 1267 1693 1293; x_wconf 89' lang='lat' dir='ltr'><strong>v.</strong></span> 
     </span>
    </p>
   </div>
   <div class='ocr_carea' id='block_1_9' title="bbox 134 1427 2427 3034">
    <p class='ocr_par' dir='ltr' id='par_1_20' title="bbox 134 1427 2427 3034">
     <span class='ocr_line' id='line_1_21' title="bbox 306 1427 2417 1495; baseline 0.002 -20"><span class='ocrx_word' id='word_1_140' title='bbox 306 1427 420 1475; x_wconf 76' lang='lat' dir='ltr'><strong>Jam</strong></span> <span class='ocrx_word' id='word_1_141' title='bbox 455 1430 710 1494; x_wconf 82' lang='lat' dir='ltr'><strong>quaeritur,</strong></span> <span class='ocrx_word' id='word_1_142' title='bbox 747 1429 990 1495; x_wconf 85' lang='lat' dir='ltr'><strong>quomodo</strong></span> <span class='ocrx_word' id='word_1_143' title='bbox 1013 1428 1128 1477; x_wconf 85' lang='lat' dir='ltr'><strong>baec</strong></span> <span class='ocrx_word' id='word_1_144' title='bbox 1150 1436 1355 1493; x_wconf 85' lang='lat' dir='ltr'><strong>quatuor</strong></span> <span class='ocrx_word' id='word_1_145' title='bbox 1373 1427 1694 1493; x_wconf 82' lang='lat' dir='ltr'><strong>exemplorum</strong></span> <span class='ocrx_word' id='word_1_146' title='bbox 1729 1445 1918 1493; x_wconf 78' lang='lat' dir='ltr'><strong>genera,</strong></span> <span class='ocrx_word' id='word_1_147' title='bbox 1954 1445 2077 1493; x_wconf 79' lang='lat' dir='ltr'><strong>quae</strong></span> <span class='ocrx_word' id='word_1_148' title='bbox 2108 1427 2199 1476; x_wconf 87' lang='lat' dir='ltr'><strong>sibi</strong></span> <span class='ocrx_word' id='word_1_149' title='bbox 2234 1438 2417 1479; x_wconf 83' lang='lat' dir='ltr'><strong>eontra-</strong></span> 
     </span>
     <span class='ocr_line' id='line_1_22' title="bbox 134 1496 2414 1585; baseline 0.001 -20"><span class='ocrx_word' id='word_1_150' title='bbox 134 1496 293 1565; x_wconf 32' lang='lat' dir='ltr'><strong>-dicere</strong></span> <span class='ocrx_word' id='word_1_151' title='bbox 327 1517 558 1578; x_wconf 81' lang='lat' dir='ltr'><strong>videntur,</strong></span> <span class='ocrx_word' id='word_1_152' title='bbox 594 1527 703 1583; x_wconf 87' lang='lat' dir='ltr'><strong>apte</strong></span> <span class='ocrx_word' id='word_1_153' title='bbox 737 1522 922 1583; x_wconf 86' lang='lat' dir='ltr'><strong>possint</strong></span> <span class='ocrx_word' id='word_1_154' title='bbox 956 1519 1211 1568; x_wconf 83' lang='lat' dir='ltr'><strong>conciliari.</strong></span> <span class='ocrx_word' id='word_1_155' title='bbox 1258 1517 1459 1566; x_wconf 76' lang='lat' dir='ltr'><strong>Constat</strong></span> <span class='ocrx_word' id='word_1_156' title='bbox 1493 1520 1638 1585; x_wconf 73' lang='lat' dir='ltr'><strong>igitur</strong></span> <span class='ocrx_word' id='word_1_157' title='bbox 1661 1516 2085 1584; x_wconf 73' lang='lat' dir='ltr'><strong>Guelferbytanum</strong></span> <span class='ocrx_word' id='word_1_158' title='bbox 2119 1519 2166 1565; x_wconf 91' lang='lat' dir='ltr'><strong>in</strong></span> <span class='ocrx_word' id='word_1_159' title='bbox 2200 1520 2414 1568; x_wconf 78' lang='lat' dir='ltr'>Deorum</span> 
     </span>
     <span class='ocr_line' id='line_1_23' title="bbox 137 1597 2418 1676; baseline 0.001 -19"><span class='ocrx_word' id='word_1_160' title='bbox 137 1608 340 1675; x_wconf 73' lang='lat' dir='ltr'><strong>dialogis</strong></span> <span class='ocrx_word' id='word_1_161' title='bbox 375 1616 420 1656; x_wconf 88' lang='lat' dir='ltr'><strong>et</strong></span> <span class='ocrx_word' id='word_1_162' title='bbox 455 1607 514 1656; x_wconf 86' lang='lat' dir='ltr'><strong>ab</strong></span> <span class='ocrx_word' id='word_1_163' title='bbox 551 1608 625 1658; x_wconf 80' lang='lat' dir='ltr'><strong>A¹</strong></span> <span class='ocrx_word' id='word_1_164' title='bbox 653 1609 697 1657; x_wconf 91' lang='lat' dir='ltr'><strong>B</strong></span> <span class='ocrx_word' id='word_1_165' title='bbox 734 1619 778 1659; x_wconf 87' lang='lat' dir='ltr'><strong>et</strong></span> <span class='ocrx_word' id='word_1_166' title='bbox 812 1597 1095 1660; x_wconf 70' lang='lat' dir='ltr'><strong>a⁰Parisiuo</strong></span> <span class='ocrx_word' id='word_1_167' title='bbox 1129 1609 1187 1658; x_wconf 89' lang='lat' dir='ltr'>M</span> <span class='ocrx_word' id='word_1_168' title='bbox 1222 1607 1523 1658; x_wconf 77' lang='lat' dir='ltr'><strong>multifariam</strong></span> <span class='ocrx_word' id='word_1_169' title='bbox 1558 1609 1841 1673; x_wconf 80' lang='lat' dir='ltr'><strong>discrepare,</strong></span> <span class='ocrx_word' id='word_1_170' title='bbox 1876 1606 1960 1656; x_wconf 86' lang='lat' dir='ltr'><strong>scd</strong></span> <span class='ocrx_word' id='word_1_171' title='bbox 1993 1609 2075 1668; x_wconf 79' lang='lat' dir='ltr'><strong>ita,</strong></span> <span class='ocrx_word' id='word_1_172' title='bbox 2117 1616 2169 1658; x_wconf 84' lang='lat' dir='ltr'><strong>ut</strong></span> <span class='ocrx_word' id='word_1_173' title='bbox 2202 1608 2263 1658; x_wconf 85' lang='lat' dir='ltr'><strong>ad</strong></span> <span class='ocrx_word' id='word_1_174' title='bbox 2297 1612 2418 1676; x_wconf 79' lang='lat' dir='ltr'><strong>opti-</strong></span> 
     </span>
     <span class='ocr_line' id='line_1_24' title="bbox 136 1698 2418 1766; baseline 0 -18"><span class='ocrx_word' id='word_1_175' title='bbox 136 1718 240 1748; x_wconf 91' lang='lat' dir='ltr'><strong>mos</strong></span> <span class='ocrx_word' id='word_1_176' title='bbox 285 1698 470 1747; x_wconf 87' lang='lat' dir='ltr'><strong>codices</strong></span> <span class='ocrx_word' id='word_1_177' title='bbox 516 1718 854 1766; x_wconf 80' lang='lat' dir='ltr'><strong>nonnunquam</strong></span> <span class='ocrx_word' id='word_1_178' title='bbox 891 1701 1106 1760; x_wconf 78' lang='lat' dir='ltr'><strong>accedat,</strong></span> <span class='ocrx_word' id='word_1_179' title='bbox 1152 1700 1235 1747; x_wconf 90' lang='lat' dir='ltr'><strong>ubi</strong></span> <span class='ocrx_word' id='word_1_180' title='bbox 1268 1699 1325 1747; x_wconf 88' lang='lat' dir='ltr'><strong><em>M</em></strong></span> <span class='ocrx_word' id='word_1_181' title='bbox 1359 1718 1385 1746; x_wconf 89' lang='lat' dir='ltr'><strong>a</strong></span> <span class='ocrx_word' id='word_1_182' title='bbox 1421 1699 1588 1764; x_wconf 89' lang='lat' dir='ltr'><strong>procul</strong></span> <span class='ocrx_word' id='word_1_183' title='bbox 1623 1699 1809 1746; x_wconf 83' lang='lat' dir='ltr'><strong>absunt.</strong></span> <span class='ocrx_word' id='word_1_184' title='bbox 1879 1698 1999 1746; x_wconf 90' lang='lat' dir='ltr'><strong>Inde</strong></span> <span class='ocrx_word' id='word_1_185' title='bbox 2031 1716 2135 1747; x_wconf 88' lang='lat' dir='ltr'><strong>meo</strong></span> <span class='ocrx_word' id='word_1_186' title='bbox 2163 1699 2273 1764; x_wconf 82' lang='lat' dir='ltr'><strong>jure</strong></span> <span class='ocrx_word' id='word_1_187' title='bbox 2309 1718 2418 1749; x_wconf 88' lang='lat' dir='ltr'><strong>con·</strong></span> 
     </span>
     <span class='ocr_line' id='line_1_25' title="bbox 138 1788 2416 1858; baseline 0.001 -21"><span class='ocrx_word' id='word_1_188' title='bbox 138 1789 327 1837; x_wconf 85' lang='lat' dir='ltr'><strong>eludere</strong></span> <span class='ocrx_word' id='word_1_189' title='bbox 361 1788 474 1837; x_wconf 88' lang='lat' dir='ltr'><strong>mihi</strong></span> <span class='ocrx_word' id='word_1_190' title='bbox 509 1789 688 1850; x_wconf 84' lang='lat' dir='ltr'><strong>videor,</strong></span> <span class='ocrx_word' id='word_1_191' title='bbox 718 1809 822 1839; x_wconf 87' lang='lat' dir='ltr'><strong>eum</strong></span> <span class='ocrx_word' id='word_1_192' title='bbox 844 1794 1073 1858; x_wconf 81' lang='lat' dir='ltr'><strong>originem</strong></span> <span class='ocrx_word' id='word_1_193' title='bbox 1111 1791 1302 1838; x_wconf 86' lang='lat' dir='ltr'><strong>duxisse</strong></span> <span class='ocrx_word' id='word_1_194' title='bbox 1321 1808 1346 1837; x_wconf 92' lang='lat' dir='ltr'><strong>e</strong></span> <span class='ocrx_word' id='word_1_195' title='bbox 1366 1789 1528 1837; x_wconf 89' lang='lat' dir='ltr'><strong>codiee</strong></span> <span class='ocrx_word' id='word_1_196' title='bbox 1562 1789 1739 1855; x_wconf 86' lang='lat' dir='ltr'><strong>aliquo,</strong></span> <span class='ocrx_word' id='word_1_197' title='bbox 1775 1790 1857 1854; x_wconf 85' lang='lat' dir='ltr'><strong>qui</strong></span> <span class='ocrx_word' id='word_1_198' title='bbox 1886 1807 1912 1835; x_wconf 89' lang='lat' dir='ltr'><strong>a</strong></span> <span class='ocrx_word' id='word_1_199' title='bbox 1940 1791 2175 1836; x_wconf 88' lang='lat' dir='ltr'><strong>communi</strong></span> <span class='ocrx_word' id='word_1_200' title='bbox 2210 1793 2416 1849; x_wconf 81' lang='lat' dir='ltr'><strong>omnium</strong></span> 
     </span>
     <span class='ocr_line' id='line_1_26' title="bbox 135 1879 2419 1948; baseline 0.001 -20"><span class='ocrx_word' id='word_1_201' title='bbox 135 1880 367 1928; x_wconf 88' lang='lat' dir='ltr'><strong>librorum</strong></span> <span class='ocrx_word' id='word_1_202' title='bbox 401 1881 549 1940; x_wconf 80' lang='lat' dir='ltr'><strong>fonte,</strong></span> <span class='ocrx_word' id='word_1_203' title='bbox 586 1899 725 1947; x_wconf 75' lang='lat' dir='ltr'><strong>quein</strong></span> <span class='ocrx_word' id='word_1_204' title='bbox 759 1882 834 1929; x_wconf 73' lang='lat' dir='ltr'><strong>Al</strong></span> <span class='ocrx_word' id='word_1_205' title='bbox 863 1884 908 1930; x_wconf 92' lang='grc' dir='ltr'><strong>Β</strong></span> <span class='ocrx_word' id='word_1_206' title='bbox 945 1885 1122 1948; x_wconf 82' lang='lat' dir='ltr'><strong>optime</strong></span> <span class='ocrx_word' id='word_1_207' title='bbox 1156 1882 1389 1939; x_wconf 78' lang='lat' dir='ltr'><strong>referunt,</strong></span> <span class='ocrx_word' id='word_1_208' title='bbox 1424 1883 1576 1928; x_wconf 88' lang='lat' dir='ltr'><strong>minus</strong></span> <span class='ocrx_word' id='word_1_209' title='bbox 1613 1881 1895 1948; x_wconf 82' lang='lat' dir='ltr'><strong>discesserit,</strong></span> <span class='ocrx_word' id='word_1_210' title='bbox 1931 1897 2073 1944; x_wconf 86' lang='lat' dir='ltr'><strong>quam</strong></span> <span class='ocrx_word' id='word_1_211' title='bbox 2106 1879 2164 1928; x_wconf 94' lang='grc' dir='ltr'><strong>Μ</strong></span> <span class='ocrx_word' id='word_1_212' title='bbox 2197 1898 2225 1928; x_wconf 88' lang='lat' dir='ltr'><strong>a</strong></span> <span class='ocrx_word' id='word_1_213' title='bbox 2260 1881 2419 1947; x_wconf 86' lang='lat' dir='ltr'><strong>(quod</strong></span> 
     </span>
     <span class='ocr_line' id='line_1_27' title="bbox 139 1969 2418 2038; baseline 0 -19"><span class='ocrx_word' id='word_1_214' title='bbox 139 1979 184 2019; x_wconf 86' lang='lat' dir='ltr'><strong>et</strong></span> <span class='ocrx_word' id='word_1_215' title='bbox 229 1973 383 2035; x_wconf 89' lang='lat' dir='ltr'><strong>ipsum</strong></span> <span class='ocrx_word' id='word_1_216' title='bbox 429 1970 490 2018; x_wconf 90' lang='lat' dir='ltr'><strong>de</strong></span> <span class='ocrx_word' id='word_1_217' title='bbox 521 1971 798 2019; x_wconf 77' lang='lat' dir='ltr'><strong>Florentino</strong></span> <span class='ocrx_word' id='word_1_218' title='bbox 838 1977 877 2020; x_wconf 85' lang='grc' dir='ltr'><em>Φ</em></span> <span class='ocrx_word' id='word_1_219' title='bbox 922 1992 1065 2038; x_wconf 83' lang='lat' dir='ltr'><strong>supra</strong></span> <span class='ocrx_word' id='word_1_220' title='bbox 1111 1971 1442 2034; x_wconf 83' lang='lat' dir='ltr'><strong>ostendimus),</strong></span> <span class='ocrx_word' id='word_1_221' title='bbox 1487 1971 1569 2018; x_wconf 89' lang='lat' dir='ltr'><strong>sed</strong></span> <span class='ocrx_word' id='word_1_222' title='bbox 1619 1973 1699 2036; x_wconf 86' lang='lat' dir='ltr'><strong>qui</strong></span> <span class='ocrx_word' id='word_1_223' title='bbox 1734 1969 1994 2035; x_wconf 84' lang='lat' dir='ltr'><strong>peculiares</strong></span> <span class='ocrx_word' id='word_1_224' title='bbox 2028 1970 2245 2018; x_wconf 88' lang='lat' dir='ltr'><strong>habuerit</strong></span> <span class='ocrx_word' id='word_1_225' title='bbox 2278 1973 2418 2019; x_wconf 88' lang='lat' dir='ltr'><strong>inter-</strong></span> 
     </span>
     <span class='ocr_line' id='line_1_28' title="bbox 138 2061 2419 2129; baseline 0.001 -20"><span class='ocrx_word' id='word_1_226' title='bbox 138 2062 401 2126; x_wconf 89' lang='lat' dir='ltr'><strong>polationes</strong></span> <span class='ocrx_word' id='word_1_227' title='bbox 446 2062 714 2125; x_wconf 73' lang='lat' dir='ltr'><strong>permultas·</strong></span> <span class='ocrx_word' id='word_1_228' title='bbox 785 2062 882 2110; x_wconf 89' lang='lat' dir='ltr'><strong>Sed</strong></span> <span class='ocrx_word' id='word_1_229' title='bbox 932 2063 1172 2129; x_wconf 89' lang='lat' dir='ltr'><strong>quomodo</strong></span> <span class='ocrx_word' id='word_1_230' title='bbox 1218 2061 1332 2108; x_wconf 86' lang='lat' dir='ltr'><strong>haee</strong></span> <span class='ocrx_word' id='word_1_231' title='bbox 1376 2064 1495 2108; x_wconf 89' lang='lat' dir='ltr'><strong>ratio</strong></span> <span class='ocrx_word' id='word_1_232' title='bbox 1540 2070 1666 2108; x_wconf 86' lang='lat' dir='ltr'><strong>stare</strong></span> <span class='ocrx_word' id='word_1_233' title='bbox 1709 2068 1892 2125; x_wconf 85' lang='lat' dir='ltr'><strong>potest,</strong></span> <span class='ocrx_word' id='word_1_234' title='bbox 1927 2079 2032 2108; x_wconf 89' lang='lat' dir='ltr'><strong>cum</strong></span> <span class='ocrx_word' id='word_1_235' title='bbox 2068 2062 2110 2108; x_wconf 88' lang='lat' dir='ltr'><strong>F</strong></span> <span class='ocrx_word' id='word_1_236' title='bbox 2144 2064 2419 2126; x_wconf 83' lang='lat' dir='ltr'><strong>saepissime</strong></span> 
     </span>
     <span class='ocr_line' id='line_1_29' title="bbox 137 2152 2416 2219; baseline 0.001 -20"><span class='ocrx_word' id='word_1_237' title='bbox 137 2171 244 2199; x_wconf 91' lang='lat' dir='ltr'><strong>cum</strong></span> <span class='ocrx_word' id='word_1_238' title='bbox 292 2152 397 2198; x_wconf 93' lang='lat' dir='ltr'><strong>solo</strong></span> <span class='ocrx_word' id='word_1_239' title='bbox 441 2153 662 2199; x_wconf 85' lang='lat' dir='ltr'><strong>Parisino</strong></span> <span class='ocrx_word' id='word_1_240' title='bbox 707 2157 770 2200; x_wconf 88' lang='lat' dir='ltr'><strong>ita</strong></span> <span class='ocrx_word' id='word_1_241' title='bbox 814 2163 1069 2219; x_wconf 77' lang='lat' dir='ltr'><strong>congruat,</strong></span> <span class='ocrx_word' id='word_1_242' title='bbox 1113 2162 1165 2200; x_wconf 88' lang='lat' dir='ltr'><strong>nt</strong></span> <span class='ocrx_word' id='word_1_243' title='bbox 1207 2155 1380 2218; x_wconf 72' lang='lat' dir='ltr'><strong>gemini</strong></span> <span class='ocrx_word' id='word_1_244' title='bbox 1425 2171 1526 2200; x_wconf 88' lang='lat' dir='ltr'><strong>esse</strong></span> <span class='ocrx_word' id='word_1_245' title='bbox 1569 2152 1848 2198; x_wconf 78' lang='lat' dir='ltr'><strong>videantur?</strong></span> <span class='ocrx_word' id='word_1_246' title='bbox 1914 2152 2027 2198; x_wconf 86' lang='lat' dir='ltr'><strong>Hoc</strong></span> <span class='ocrx_word' id='word_1_247' title='bbox 2071 2160 2123 2199; x_wconf 86' lang='lat' dir='ltr'><strong>ut</strong></span> <span class='ocrx_word' id='word_1_248' title='bbox 2173 2153 2416 2216; x_wconf 80' lang='lat' dir='ltr'><strong>explicem,</strong></span> 
     </span>
     <span class='ocr_line' id='line_1_30' title="bbox 139 2231 2422 2314; baseline 0 -23"><span class='ocrx_word' id='word_1_249' title='bbox 139 2241 563 2314; x_wconf 67' lang='lat' dir='ltr'><strong>Guelferbytanum</strong></span> <span class='ocrx_word' id='word_1_250' title='bbox 597 2231 704 2291; x_wconf 47' lang='lat' dir='ltr'><strong>*non</strong></span> <span class='ocrx_word' id='word_1_251' title='bbox 749 2264 805 2291; x_wconf 87' lang='lat' dir='ltr'><strong>ex</strong></span> <span class='ocrx_word' id='word_1_252' title='bbox 849 2263 944 2292; x_wconf 91' lang='lat' dir='ltr'><strong>uno</strong></span> <span class='ocrx_word' id='word_1_253' title='bbox 981 2244 1143 2292; x_wconf 88' lang='lat' dir='ltr'><strong>codice</strong></span> <span class='ocrx_word' id='word_1_254' title='bbox 1177 2243 1472 2308; x_wconf 84' lang='lat' dir='ltr'><strong>profluxisse,</strong></span> <span class='ocrx_word' id='word_1_255' title='bbox 1515 2241 1596 2290; x_wconf 92' lang='lat' dir='ltr'><strong>sed</strong></span> <span class='ocrx_word' id='word_1_256' title='bbox 1633 2261 1658 2289; x_wconf 92' lang='lat' dir='ltr'><strong>e</strong></span> <span class='ocrx_word' id='word_1_257' title='bbox 1693 2240 1881 2289; x_wconf 82' lang='lat' dir='ltr'><strong>duobus</strong></span> <span class='ocrx_word' id='word_1_258' title='bbox 1916 2244 2283 2290; x_wconf 83' lang='lat' dir='ltr'><strong>contaminatum</strong></span> <span class='ocrx_word' id='word_1_259' title='bbox 2318 2262 2422 2293; x_wconf 81' lang='lat' dir='ltr'><strong>esse</strong></span> 
     </span>
     <span class='ocr_line' id='line_1_31' title="bbox 140 2332 2422 2399; baseline 0 -16"><span class='ocrx_word' id='word_1_260' title='bbox 140 2336 339 2393; x_wconf 86' lang='lat' dir='ltr'><strong>conicio,</strong></span> <span class='ocrx_word' id='word_1_261' title='bbox 375 2353 577 2399; x_wconf 87' lang='lat' dir='ltr'><strong>quorum</strong></span> <span class='ocrx_word' id='word_1_262' title='bbox 612 2335 803 2384; x_wconf 87' lang='lat' dir='ltr'><strong>alterius</strong></span> <span class='ocrx_word' id='word_1_263' title='bbox 838 2335 1042 2384; x_wconf 87' lang='lat' dir='ltr'><strong>indolem</strong></span> <span class='ocrx_word' id='word_1_264' title='bbox 1078 2335 1220 2383; x_wconf 92' lang='lat' dir='ltr'><strong>modo</strong></span> <span class='ocrx_word' id='word_1_265' title='bbox 1256 2334 1498 2398; x_wconf 87' lang='lat' dir='ltr'><strong>descripsi,</strong></span> <span class='ocrx_word' id='word_1_266' title='bbox 1534 2332 1650 2381; x_wconf 88' lang='lat' dir='ltr'><strong>alter</strong></span> <span class='ocrx_word' id='word_1_267' title='bbox 1673 2334 1894 2381; x_wconf 84' lang='lat' dir='ltr'><strong>Parisino</strong></span> <span class='ocrx_word' id='word_1_268' title='bbox 1928 2333 1986 2381; x_wconf 90' lang='grc' dir='ltr'><strong>Μ</strong></span> <span class='ocrx_word' id='word_1_269' title='bbox 2018 2333 2282 2383; x_wconf 88' lang='lat' dir='ltr'><strong>simillimus</strong></span> <span class='ocrx_word' id='word_1_270' title='bbox 2315 2336 2422 2384; x_wconf 80' lang='lat' dir='ltr'><strong>fuit.</strong></span> 
     </span>
     <span class='ocr_line' id='line_1_32' title="bbox 137 2422 2423 2492; baseline 0 -18"><span class='ocrx_word' id='word_1_271' title='bbox 137 2427 203 2474; x_wconf 91' lang='lat' dir='ltr'><strong>Et</strong></span> <span class='ocrx_word' id='word_1_272' title='bbox 237 2433 346 2472; x_wconf 89' lang='lat' dir='ltr'><strong>sunt</strong></span> <span class='ocrx_word' id='word_1_273' title='bbox 381 2442 503 2489; x_wconf 83' lang='lat' dir='ltr'><strong>quae</strong></span> <span class='ocrx_word' id='word_1_274' title='bbox 536 2424 646 2472; x_wconf 91' lang='lat' dir='ltr'><strong>huie</strong></span> <span class='ocrx_word' id='word_1_275' title='bbox 681 2426 978 2492; x_wconf 84' lang='lat' dir='ltr'><strong>conjecturae</strong></span> <span class='ocrx_word' id='word_1_276' title='bbox 1010 2427 1222 2487; x_wconf 75' lang='lat' dir='ltr'><strong>faveant3</strong></span> <span class='ocrx_word' id='word_1_277' title='bbox 1268 2427 1466 2489; x_wconf 89' lang='lat' dir='ltr'><strong>primum</strong></span> <span class='ocrx_word' id='word_1_278' title='bbox 1512 2425 1633 2472; x_wconf 90' lang='lat' dir='ltr'><strong>enim</strong></span> <span class='ocrx_word' id='word_1_279' title='bbox 1676 2424 1894 2487; x_wconf 84' lang='lat' dir='ltr'><strong>princeps</strong></span> <span class='ocrx_word' id='word_1_280' title='bbox 1940 2422 2240 2489; x_wconf 76' lang='lat' dir='ltr'><strong>dialogorum</strong></span> <span class='ocrx_word' id='word_1_281' title='bbox 2275 2443 2423 2474; x_wconf 87' lang='lat' dir='ltr'><strong>mere-</strong></span> 
     </span>
     <span class='ocr_line' id='line_1_33' title="bbox 138 2512 2425 2582; baseline 0 -18"><span class='ocrx_word' id='word_1_282' title='bbox 138 2517 381 2565; x_wconf 86' lang='lat' dir='ltr'><strong>triciorum</strong></span> <span class='ocrx_word' id='word_1_283' title='bbox 415 2516 464 2562; x_wconf 88' lang='lat' dir='ltr'><strong>in</strong></span> <span class='ocrx_word' id='word_1_284' title='bbox 500 2513 876 2582; x_wconf 76' lang='lat' dir='ltr'><strong>Guelferbytano</strong></span> <span class='ocrx_word' id='word_1_285' title='bbox 911 2516 1057 2582; x_wconf 78' lang='lat' dir='ltr'><strong>longo</strong></span> <span class='ocrx_word' id='word_1_286' title='bbox 1092 2517 1247 2580; x_wconf 88' lang='lat' dir='ltr'><strong>spatio</strong></span> <span class='ocrx_word' id='word_1_287' title='bbox 1282 2516 1546 2563; x_wconf 86' lang='lat' dir='ltr'><strong>intermisso</strong></span> <span class='ocrx_word' id='word_1_288' title='bbox 1581 2512 1654 2560; x_wconf 86' lang='lat' dir='ltr'><strong>his</strong></span> <span class='ocrx_word' id='word_1_289' title='bbox 1687 2512 1967 2578; x_wconf 71' lang='lat' dir='ltr'><strong>legitur-,¹3)</strong></span> <span class='ocrx_word' id='word_1_290' title='bbox 2012 2513 2144 2578; x_wconf 88' lang='lat' dir='ltr'><strong>quod</strong></span> <span class='ocrx_word' id='word_1_291' title='bbox 2179 2515 2425 2566; x_wconf 80' lang='lat' dir='ltr'><strong>enucleare</strong></span> 
     </span>
     <span class='ocr_line' id='line_1_34' title="bbox 137 2602 2427 2670; baseline 0.001 -17"><span class='ocrx_word' id='word_1_292' title='bbox 137 2624 234 2653; x_wconf 89' lang='lat' dir='ltr'><strong>non</strong></span> <span class='ocrx_word' id='word_1_293' title='bbox 268 2623 481 2670; x_wconf 88' lang='lat' dir='ltr'><strong>possum,</strong></span> <span class='ocrx_word' id='word_1_294' title='bbox 516 2607 605 2652; x_wconf 89' lang='lat' dir='ltr'><strong>nisi</strong></span> <span class='ocrx_word' id='word_1_295' title='bbox 641 2605 828 2654; x_wconf 88' lang='lat' dir='ltr'><strong>duobus</strong></span> <span class='ocrx_word' id='word_1_296' title='bbox 862 2606 1075 2655; x_wconf 83' lang='lat' dir='ltr'><strong>fontibus</strong></span> <span class='ocrx_word' id='word_1_297' title='bbox 1109 2607 1344 2653; x_wconf 73' lang='lat' dir='ltr'><strong>assumtis,</strong></span> <span class='ocrx_word' id='word_1_298' title='bbox 1412 2606 1524 2652; x_wconf 87' lang='lat' dir='ltr'><strong>Huc</strong></span> <span class='ocrx_word' id='word_1_299' title='bbox 1557 2602 1749 2661; x_wconf 86' lang='lat' dir='ltr'><strong>accedit,</strong></span> <span class='ocrx_word' id='word_1_300' title='bbox 1794 2603 1925 2668; x_wconf 84' lang='lat' dir='ltr'><strong>quod</strong></span> <span class='ocrx_word' id='word_1_301' title='bbox 1961 2604 2043 2652; x_wconf 67' lang='lat' dir='ltr'><strong>Aa</strong></span> <span class='ocrx_word' id='word_1_302' title='bbox 2071 2603 2145 2652; x_wconf 78' lang='lat' dir='ltr'><strong>C²</strong></span> <span class='ocrx_word' id='word_1_303' title='bbox 2169 2623 2221 2653; x_wconf 89' lang='lat' dir='ltr'><strong>re</strong></span> <span class='ocrx_word' id='word_1_304' title='bbox 2253 2625 2366 2654; x_wconf 82' lang='lat' dir='ltr'><strong>vera</strong></span> <span class='ocrx_word' id='word_1_305' title='bbox 2401 2625 2427 2655; x_wconf 92' lang='lat' dir='ltr'><strong>e</strong></span> 
     </span>
     <span class='ocr_line' id='line_1_35' title="bbox 139 2693 2425 2765; baseline 0 -18"><span class='ocrx_word' id='word_1_306' title='bbox 139 2696 221 2747; x_wconf 81' lang='lat' dir='ltr'><strong>tali</strong></span> <span class='ocrx_word' id='word_1_307' title='bbox 257 2704 505 2745; x_wconf 85' lang='lat' dir='ltr'><strong>manarunt</strong></span> <span class='ocrx_word' id='word_1_308' title='bbox 541 2694 716 2756; x_wconf 84' lang='lat' dir='ltr'><strong>codiee,</strong></span> <span class='ocrx_word' id='word_1_309' title='bbox 752 2697 937 2764; x_wconf 86' lang='lat' dir='ltr'><strong>qualem</strong></span> <span class='ocrx_word' id='word_1_310' title='bbox 972 2699 1013 2746; x_wconf 82' lang='lat' dir='ltr'><strong>F</strong></span> <span class='ocrx_word' id='word_1_311' title='bbox 1051 2705 1095 2747; x_wconf 86' lang='lat' dir='ltr'><strong>et</strong></span> <span class='ocrx_word' id='word_1_312' title='bbox 1128 2697 1189 2757; x_wconf 87' lang='lat' dir='ltr'><strong>L,</strong></span> <span class='ocrx_word' id='word_1_313' title='bbox 1225 2698 1263 2745; x_wconf 91' lang='lat' dir='ltr'><strong>si</strong></span> <span class='ocrx_word' id='word_1_314' title='bbox 1298 2715 1325 2745; x_wconf 89' lang='lat' dir='ltr'><strong>a</strong></span> <span class='ocrx_word' id='word_1_315' title='bbox 1361 2696 1753 2746; x_wconf 84' lang='lat' dir='ltr'><strong>contaminatione</strong></span> <span class='ocrx_word' id='word_1_316' title='bbox 1787 2693 1865 2742; x_wconf 87' lang='lat' dir='ltr'><strong>illa</strong></span> <span class='ocrx_word' id='word_1_317' title='bbox 1901 2693 2203 2758; x_wconf 86' lang='lat' dir='ltr'><strong>discesseris,</strong></span> <span class='ocrx_word' id='word_1_318' title='bbox 2239 2716 2425 2765; x_wconf 85' lang='lat' dir='ltr'><strong>reprac-</strong></span> 
     </span>
     <span class='ocr_line' id='line_1_36' title="bbox 137 2795 2191 2859; baseline -0.001 -20"><span class='ocrx_word' id='word_1_319' title='bbox 137 2795 337 2839; x_wconf 87' lang='lat' dir='ltr'><strong>sentant.</strong></span> <span class='ocrx_word' id='word_1_320' title='bbox 1006 2836 1017 2849; x_wconf 68' lang='lat'><strong>,·</strong></span> <span class='ocrx_word' id='word_1_321' title='bbox 2190 2856 2191 2859; x_wconf 8' lang='grc' dir='ltr'><strong>Ἴ</strong></span> 
     </span>
     <span class='ocr_line' id='line_1_37' title="bbox 137 2871 2278 2943; baseline 0.001 -15"><span class='ocrx_word' id='word_1_322' title='bbox 137 2878 296 2928; x_wconf 79' lang='lat' dir='ltr'><strong>Dial.</strong></span> <span class='ocrx_word' id='word_1_323' title='bbox 333 2896 465 2926; x_wconf 88' lang='lat' dir='ltr'><strong>mar.</strong></span> <span class='ocrx_word' id='word_1_324' title='bbox 505 2879 550 2937; x_wconf 93' lang='lat' dir='ltr'><strong>l,</strong></span> <span class='ocrx_word' id='word_1_325' title='bbox 583 2879 629 2926; x_wconf 84' lang='lat'><strong>5.</strong></span> <span class='ocrx_word' id='word_1_326' title='bbox 669 2871 958 2943; x_wconf 69' lang='grc' dir='ltr'><em>ὠμοφάγος</em></span> <span class='ocrx_word' id='word_1_327' title='bbox 990 2880 1035 2928; x_wconf 87' lang='grc' dir='ltr'><strong>Β</strong></span> <span class='ocrx_word' id='word_1_328' title='bbox 1072 2887 1116 2928; x_wconf 87' lang='lat' dir='ltr'><strong>et</strong></span> <span class='ocrx_word' id='word_1_329' title='bbox 1150 2898 1192 2927; x_wconf 73' lang='lat' dir='ltr'><strong>v,</strong></span> <span class='ocrx_word' id='word_1_330' title='bbox 1284 2881 1286 2903; x_wconf 75' lang='lat'>²</span> <span class='ocrx_word' id='word_1_331' title='bbox 1333 2871 1602 2942; x_wconf 70' lang='grc' dir='ltr'><em>ὦμοβόρος</em></span> <span class='ocrx_word' id='word_1_332' title='bbox 1635 2875 1715 2925; x_wconf 82' lang='grc' dir='ltr'><strong>Α2</strong></span> <span class='ocrx_word' id='word_1_333' title='bbox 1745 2876 1787 2925; x_wconf 86' lang='lat' dir='ltr'><strong>F</strong></span> <span class='ocrx_word' id='word_1_334' title='bbox 1823 2884 1867 2925; x_wconf 85' lang='lat' dir='ltr'><strong>et</strong></span> <span class='ocrx_word' id='word_1_335' title='bbox 1902 2879 2004 2927; x_wconf 87' lang='lat' dir='ltr'><strong>sine</strong></span> <span class='ocrx_word' id='word_1_336' title='bbox 2039 2878 2152 2927; x_wconf 89' lang='lat' dir='ltr'><strong>dub.</strong></span> <span class='ocrx_word' id='word_1_337' title='bbox 2190 2878 2278 2930; x_wconf 74' lang='lat' dir='ltr'><strong>C2.</strong></span> 
     </span>
     <span class='ocr_line' id='line_1_38' title="bbox 138 2965 2245 3034; baseline 0 -15"><span class='ocrx_word' id='word_1_338' title='bbox 138 2969 253 3019; x_wconf 90' lang='lat' dir='ltr'><strong>ibid.</strong></span> <span class='ocrx_word' id='word_1_339' title='bbox 289 2971 338 3029; x_wconf 72' lang='lat'><strong>⁴1,</strong></span> <span class='ocrx_word' id='word_1_340' title='bbox 374 2972 421 3017; x_wconf 80' lang='lat'><strong>3.</strong></span> <span class='ocrx_word' id='word_1_341' title='bbox 459 2965 692 3034; x_wconf 80' lang='grc' dir='ltr'><em>φανερὸς</em></span> <span class='ocrx_word' id='word_1_342' title='bbox 725 2971 770 3018; x_wconf 87' lang='grc' dir='ltr'><strong>Β</strong></span> <span class='ocrx_word' id='word_1_343' title='bbox 806 2979 850 3020; x_wconf 87' lang='lat' dir='ltr'><strong>et</strong></span> <span class='ocrx_word' id='word_1_344' title='bbox 885 2989 927 3019; x_wconf 87' lang='lat' dir='ltr'><strong>v.</strong></span> <span class='ocrx_word' id='word_1_345' title='bbox 1331 2969 1571 3032; x_wconf 78' lang='grc' dir='ltr'><em>ἐπίσημος</em></span> <span class='ocrx_word' id='word_1_346' title='bbox 1605 2966 1685 3016; x_wconf 71' lang='grc' dir='ltr'><strong>Α2</strong></span> <span class='ocrx_word' id='word_1_347' title='bbox 1711 2969 1753 3016; x_wconf 86' lang='lat' dir='ltr'><strong>F</strong></span> <span class='ocrx_word' id='word_1_348' title='bbox 1789 2976 1834 3016; x_wconf 85' lang='lat' dir='ltr'><strong>et</strong></span> <span class='ocrx_word' id='word_1_349' title='bbox 1868 2970 1971 3018; x_wconf 87' lang='lat' dir='ltr'><strong>sine</strong></span> <span class='ocrx_word' id='word_1_350' title='bbox 2004 2969 2117 3018; x_wconf 91' lang='lat' dir='ltr'><strong>dub.</strong></span> <span class='ocrx_word' id='word_1_351' title='bbox 2154 2970 2245 3023; x_wconf 71' lang='lat'><strong>(2².</strong></span> 
     </span>
    </p>
   </div>
   <div class='ocr_carea' id='block_1_10' title="bbox 142 3099 408 3104">
    <p class='ocr_par' dir='ltr' id='par_1_21' title="bbox 142 3099 408 3104">
     <span class='ocr_line' id='line_1_39' title="bbox 142 3099 408 3104; baseline 0 0"><span class='ocrx_word' id='word_1_352' title='bbox 142 3099 408 3104; x_wconf 95' lang='lat' dir='ltr'><strong> </strong></span> 
     </span>
    </p>
   </div>
   <div class='ocr_carea' id='block_1_11' title="bbox 288 3156 1919 3270">
    <p class='ocr_par' dir='ltr' id='par_1_22' title="bbox 288 3156 1919 3270">
     <span class='ocr_line' id='line_1_40' title="bbox 288 3156 1570 3205; baseline -0.002 -13"><span class='ocrx_word' id='word_1_353' title='bbox 288 3157 338 3201; x_wconf 80' lang='lat'><strong>¹⁸)</strong></span> <span class='ocrx_word' id='word_1_354' title='bbox 367 3156 467 3192; x_wconf 77' lang='lat' dir='ltr'><strong>Conf.</strong></span> <span class='ocrx_word' id='word_1_355' title='bbox 494 3157 664 3191; x_wconf 81' lang='lat' dir='ltr'><strong>Jacobitzi</strong></span> <span class='ocrx_word' id='word_1_356' title='bbox 692 3159 802 3203; x_wconf 80' lang='lat' dir='ltr'><strong>praes.</strong></span> <span class='ocrx_word' id='word_1_357' title='bbox 830 3169 909 3205; x_wconf 82' lang='lat' dir='ltr'><strong>pag.</strong></span> <span class='ocrx_word' id='word_1_358' title='bbox 937 3158 998 3191; x_wconf 84' lang='lat' dir='ltr'><strong>XX</strong></span> <span class='ocrx_word' id='word_1_359' title='bbox 1023 3157 1127 3191; x_wconf 21' lang='lat' dir='ltr'><strong>lin.vl</strong></span> <span class='ocrx_word' id='word_1_360' title='bbox 1158 3163 1194 3191; x_wconf 80' lang='lat' dir='ltr'><strong>et</strong></span> <span class='ocrx_word' id='word_1_361' title='bbox 1220 3168 1298 3203; x_wconf 85' lang='lat' dir='ltr'><strong>pag.</strong></span> <span class='ocrx_word' id='word_1_362' title='bbox 1325 3156 1402 3191; x_wconf 76' lang='lat' dir='ltr'><strong>xxl</strong></span> <span class='ocrx_word' id='word_1_363' title='bbox 1429 3156 1485 3190; x_wconf 87' lang='lat' dir='ltr'><strong>lin.</strong></span> <span class='ocrx_word' id='word_1_364' title='bbox 1520 3156 1570 3190; x_wconf 82' lang='lat'><strong>10.</strong></span> 
     </span>
     <span class='ocr_line' id='line_1_41' title="bbox 1894 3229 1919 3270; baseline 0 0"><span class='ocrx_word' id='word_1_365' title='bbox 1894 3229 1919 3270; x_wconf 85' lang='lat'><strong>3</strong></span> 
     </span>
    </p>
   </div>
  </div>
 </body>
</html>
