2546 3387
1221 107 1254 155 2

79 247 309 307 quoniam
345 262 495 309 pauca
542 262 693 310 eaque
736 253 863 293 certa
909 262 1052 311 quam
1100 245 1280 312 largam
1327 246 1706 312 conjecturarum
1753 248 1939 312 copiam
1974 248 2222 313 ‘proferre'
2248 248 2393 298 malo.

76 333 407 396 Quamobrem
457 353 515 383 ex
560 337 690 383 omni
742 334 960 384 codicum
1005 335 1306 386 multitudine
1351 335 1439 386 hos
1487 336 1787 401 potissimum
1834 335 2066 403 deligam,
2110 338 2172 388 de
2218 337 2394 405 quibus

77 426 218 492 plura
254 422 416 472 videas
451 425 499 472 in
537 423 919 489 praefationibus
953 423 1193 474 Jacobitzi
1230 435 1376 493 atque
1408 423 1664 474 Fritzschi:

307 514 358 562 Α
393 514 722 563 Gorlicensem
760 517 932 581 (signis
969 517 1090 562 enim
1129 518 1329 582 receptis
1364 520 1495 578 utar)
1530 534 1652 565 saec.
1688 515 1829 563 XIV.

306 606 351 652 B
390 604 816 655 vindobonensem
851 625 978 654 num.
1020 608 1128 654 123.
1165 625 1286 655 saec.
1324 609 1389 655 X.

308 695 350 745 C
386 697 663 744 Parisinum
700 715 826 744 num.
863 700 1010 745 3011.
1048 715 1168 745 saec.
1206 698 1349 745 XIII.

308 788 351 833 F
390 785 844 853 Guelferbytaunm,
877 805 1000 835 saec.
1036 787 1166 837 Xlll
1200 787 1274 838 vel
1310 789 1450 841 xlv.
1539 830 1543 835 .

310 877 357 923 G
394 865 842 943 Guelferbytanum,
879 880 1265 931 recentissimum.

305 968 350 1013 L
387 969 663 1014 Parisinum
700 986 827 1013 num.
875 969 1019 1014 1428.
1055 985 1175 1014 saec.
1212 969 1351 1016 xlv.

308 1056 366 1105 M
399 1057 674 1104 Parisinum
711 1074 836 1104 num.
873 1058 1023 1106 2954.
1060 1074 1184 1107 saec.
1222 1057 1367 1106 XIII.

310 1147 359 1195 Ο
395 1146 751 1213 Augustanum,
789 1166 914 1195 nunc
947 1148 1285 1196 Monacensem
1322 1167 1447 1195 num.
1484 1150 1597 1196 490.
1634 1163 1772 1196 saec.>
1796 1151 1909 1197 XV.

305 1236 355 1299 Q
391 1235 747 1304 Augustanum,
783 1256 909 1287 nunc
942 1238 1278 1287 Monacensem
1316 1256 1441 1286 num.
1465 1239 1577 1286 481.
1615 1255 1734 1286 saec.
1767 1239 1907 1288 xlv.

311 1331 349 1376 Φ
394 1311 723 1376 Florentinum
760 1347 881 1377 saec.
921 1329 1063 1377 XIII.

313 1421 366 1465 Ψ
395 1418 695 1466 Marcianum
732 1438 858 1467 num.
896 1421 1008 1467 436.
1046 1436 1167 1466 saec.
1200 1419 1338 1467 XIV.

316 1512 370 1556 Ω
407 1509 707 1556 Marcianum
744 1528 869 1556 num.
908 1512 1021 1556 434.
1059 1527 1181 1556 sace.
1218 1510 1366 1558 XIII.

313 1616 339 1644 a
394 1599 646 1646 editionem
685 1602 962 1664 principem,
1000 1618 1122 1665 quac
1160 1599 1336 1663 prodiit
1371 1599 1646 1646 Florentiae
1685 1600 1828 1645 1496.

79 1686 204 1735 Cum
252 1696 409 1735 autem
455 1689 713 1755 plerosque
749 1691 949 1737 Luciani
988 1690 1175 1737 codices
1210 1689 1459 1737 deterioris
1495 1698 1636 1736 notae
1672 1706 1775 1737 esse
1807 1697 2020 1746 constet,
2073 1707 2154 1737 eos
2190 1699 2393 1739 tantum-

77 1780 224 1827 modo
260 1779 450 1827 libellos
497 1781 818 1844 pertractabo,
869 1785 916 1829 in
963 1782 1137 1846 quibus
1184 1781 1429 1828 meliorum
1481 1780 1696 1827 codicum
1744 1780 1935 1827 collatio
1984 1783 2031 1827 in
2078 1790 2271 1844 promtu
2320 1791 2391 1831 est

78 1888 300 1935 quosque
344 1871 467 1918 infra
515 1871 735 1935 deinceps
781 1872 1081 1919 enumerabo.
1151 1873 1258 1918 Erit
1302 1871 1531 1927 fortasse,
1579 1872 1659 1933 qui
1710 1870 1801 1917 hoc
1848 1888 2023 1933 operae
2057 1872 2389 1934 compendium

77 1961 191 2009 mihi
227 1964 342 2009 vitio
379 1972 557 2020 vertat,
603 1966 826 2026 quoniam
873 1967 974 2011 sine
1019 1963 1300 2010 detrimento
1346 1963 1447 2009 fieri
1486 1981 1581 2009 non
1617 1981 1759 2025 posse
1794 1963 2029 2025 opinatur.
2063 2001 2068 2004 .
2101 1959 2199 2009 Sed
2237 1983 2391 2028 neque

77 2051 260 2099 desidia
296 2070 453 2116 neque
487 2054 646 2115 operis
683 2053 838 2101 taedio
875 2062 1119 2117 permotus
1155 2052 1365 2116 reliquos
1401 2051 1588 2099 libellos
1626 2054 1789 2111 omisi,
1841 2051 1925 2099 sed
1962 2050 2074 2099 mihi
2112 2069 2390 2114 persuasum

77 2142 252 2201 babeo,
287 2143 346 2189 iis
374 2141 556 2205 justam
594 2151 865 2208 certamque
901 2144 1129 2191 medelam
1167 2143 1326 2190 afferri
1363 2161 1458 2189 non
1495 2160 1651 2205 posse,
1689 2144 1965 2206 priusquam
2000 2143 2137 2190 novis
2173 2141 2390 2191 codicum

76 2232 329 2298 praesidiis
364 2233 582 2279 instructi
619 2235 778 2281 simus.
849 2236 1026 2282 Merito
1062 2235 1305 2299 praefecto
1342 2233 1682 2297 vituperandus
1718 2251 1894 2290 essem,
1941 2234 2008 2291 si,
2058 2250 2182 2298 quae
2213 2234 2263 2279 in
2298 2232 2391 2281 dis-

78 2324 394 2387 ceptationem
432 2340 528 2369 non
564 2326 754 2383 vocavi,
807 2334 969 2372 eontra
1006 2325 1193 2371 inventa
1231 2340 1331 2369 mea
1369 2332 1661 2388 pugnarent,
1713 2323 1760 2370 id
1799 2339 1910 2368 vero
1955 2324 2018 2369 ita
2054 2339 2206 2388 nego,
2249 2330 2304 2370 ut
2338 2340 2391 2371 ea

80 2431 278 2480 quoque
313 2415 362 2460 in
400 2431 554 2460 meum
591 2431 728 2462 usum
764 2417 972 2463 converti
1012 2432 1155 2479 posse
1191 2414 1465 2472 existimem,
1502 2412 1762 2461 dummodo
1800 2412 1988 2461 codices
2023 2419 2344 2477 suppeterent,

250 2502 495 2564 Quoniam
531 2503 747 2552 codicum
785 2523 878 2570 ope
912 2521 1007 2552 non
1044 2507 1105 2552 ita
1143 2503 1358 2569 adjuvari
1395 2502 1631 2561 solemus,
1678 2511 1731 2551 ut
1772 2505 2006 2568 integram
2049 2502 2199 2568 ipsius
2244 2505 2392 2568 serip-

77 2595 197 2641 toris
231 2610 423 2640 manum
458 2592 641 2659 ubique
676 2596 923 2643 restituere
959 2595 1111 2654 liccat,
1147 2596 1193 2641 in
1230 2610 1286 2641 eo
1323 2592 1463 2641 nobis
1495 2592 1887 2660 acquiescendum
1918 2601 2003 2653 est,
2038 2602 2092 2641 ut
2118 2600 2392 2641 nostrorum

77 2683 295 2732 codicum
334 2683 589 2731 collatione
623 2685 931 2752 archetypum
970 2685 1213 2752 quoddam
1250 2686 1278 2731 i.
1308 2701 1355 2732 re.
1390 2684 1568 2732 fontem
1606 2686 1815 2731 omnium
1851 2685 1933 2749 qui
1968 2690 2225 2748 supersunt
2264 2683 2393 2731 codi-

76 2791 182 2822 ‹mm
229 2775 610 2839 antiquissimum
663 2775 960 2841 effingamus.
1030 2775 1201 2841 Neque
1235 2774 1420 2834 dubito,
1466 2776 1581 2840 quin
1617 2775 1819 2822 Luciani
1856 2791 2027 2839 opera,
2073 2772 2232 2839 quaIia
2267 2791 2393 2821 nunc

71 2865 333 2923 habemus,
386 2883 442 2913 ex
492 2883 590 2913 uno
645 2884 798 2932 eoque
844 2885 940 2914 non
985 2869 1170 2915 sincero
1218 2865 1382 2914 codice
1427 2865 1488 2913 ad
1536 2883 1623 2913 nos
1669 2867 1993 2930 pervcnerint3
2044 2864 2127 2913 sed
2175 2863 2236 2912 ad
2271 2864 2433 2934 bancff

75 2957 402 3022 quaestionem
449 2963 550 3004 tum
598 2955 787 3004 demum
833 2955 1079 3017 accedam,
1127 2964 1381 3022 postquam
1428 2955 1646 3023 singulos
1690 2955 1877 3005 codices
1919 2956 2186 3004 accuratius
2222 2957 2395 3014 exami-

75 3063 268 3095 navero.
337 3045 616 3095 Dolendum
645 3053 800 3094 autem
838 3053 908 3094 est
945 3064 1085 3112 quam
1123 3048 1339 3106 maxime,
1378 3048 1597 3112 primum,
1634 3045 1764 3113 quod
1802 3048 1832 3094 ii
1869 3045 2073 3107 codices,
2110 3048 2192 3111 qui
2224 3053 2391 3095 cuncta

75 3136 178 3184 fere
224 3137 426 3184 Luciani
471 3138 648 3201 scripta
701 3138 969 3195 continent,
1024 3145 1106 3184 aut
1141 3155 1197 3184 ex
1235 3144 1371 3201 parte
1407 3144 1587 3184 tantum
1630 3136 1781 3198 (velut
1819 3140 1915 3199 Ω),
1961 3144 2045 3185 aut
2090 3137 2394 3203 neglegenter
