2546 3387
110 257 245 308 Non
279 265 411 307 tem.
447 256 602 306 cred.
639 255 895 306 calu-mn.
918 259 1087 325 eap.l.
1124 257 1228 308 ἐπ’-ι-
1324 254 1702 315 ἰπισκιάᾶουσα
1735 256 1852 311 AF
1885 265 1933 308 et
1965 277 2010 308 v.

251 343 564 411 λυγάᾶουσα
598 349 628 396 i.
649 366 688 397 e.
717 343 1130 412 ἐπηλυγάᾶουσα
1165 349 1228 400 G.

114 438 232 486 ibid.
269 456 373 504 cap.
408 441 456 485 4.
489 439 836 500 μεταγνῶναι
870 436 934 485 G.
1323 439 1674 503 αζσχυνθῆναι
1708 436 1822 486 AG
1840 438 1898 485 F.

112 530 205 578 De
239 529 413 577 domo
449 544 553 593 cap.
589 531 637 576 4.
674 527 783 577 ἐπεὶ
817 526 952 576 ΑΒ.
1323 523 1498 592 ἐπειδή
1534 529 1579 576 F
1611 535 1660 577 et
1691 545 1736 575 v.
1850 549 1853 551 ·

114 619 230 668 ibid.
266 634 371 683 cap.
408 606 489 666 19.
526 611 636 667 ἀπὸ
670 614 948 680 θαύματος
981 618 1033 666 Α
1055 619 1115 666 Β.
1322 613 1431 668 α’πὸ
1465 620 1561 668 τοῦ
1595 614 1871 680 θαύματος
1904 619 1948 665 F
1983 626 2030 666 et
2062 626 2107 665 ν’.

114 709 356 760 Saturn.
394 725 498 774 cap.
535 711 583 756 5.
637 712 724 758 καὶ
772 709 818 757 οἱ
853 704 1008 758 ἄλλοι
1056 703 1225 758 ἅπαν-
1321 711 1409 758 καὶ
1443 705 1599 759 ἄλλοι
1632 702 1865 759 ἅπαντες
1897 706 1947 756 Α
1974 708 2018 756 F
2055 715 2101 756 et
2134 725 2178 758 v.

246 814 329 850 τες
363 799 424 847 Β.

113 890 231 941 ibid.
268 907 372 955 cap.
410 891 457 938 8.
494 885 601 954 γάρ
639 883 709 940 ἂν
744 879 910 937 αὐτὸν
945 887 1004 935 Β.
1320 884 1427 954 γάρ
1464 881 1630 939 αὐτὸν
1663 886 1777 937 AF
1813 895 1860 938 et
1892 907 1935 938 v.

111 983 294 1031 Deor.
331 979 554 1028 concil.
592 995 694 1044 cap.
729 978 778 1025 2.
815 970 996 1027 αὐτῶν
1033 976 1171 1027 ΑΟ.
1318 975 1444 1045 ἡμῖν
1478 980 1585 1028 Fa.

118 1070 235 1120 ibid.
273 1086 375 1135 cap.
410 1071 457 1115 4.
496 1069 604 1130 αἰγὶ
639 1083 731 1115 om.
768 1066 819 1114 A
840 1066 904 1115 0.
1324 1070 1430 1131 αἰγὶ
1464 1067 1575 1115 hab.
1609 1069 1652 1114 F
1673 1084 1715 1113 a.

289 1160 382 1207 His
427 1160 654 1223 inspeetis
699 1158 873 1204 nemini
920 1156 1117 1204 dubium
1167 1175 1273 1206 esse
1315 1166 1498 1223 potest,
1550 1160 1664 1225 quin
1701 1157 1878 1223 duplex
1913 1160 1973 1205 sit
2009 1157 2225 1206 codicum
2259 1174 2429 1224 genus,

119 1269 325 1316 quorum
363 1249 498 1295 alteri
533 1249 579 1295 B
616 1248 664 1295 Ο
703 1247 751 1295 G
796 1252 858 1306 Ψ,
895 1248 1029 1294 alteri
1071 1252 1109 1296 Φ
1148 1251 1203 1296 Ω
1237 1249 1280 1295 F
1315 1249 1360 1295 L
1394 1249 1452 1296 Μ
1486 1249 1537 1309 Q
1572 1267 1599 1296 a
1635 1248 1974 1307 adnumerandi
2010 1256 2135 1306 sunt,
2171 1265 2276 1295 cum
2304 1246 2353 1295 Α
2381 1256 2427 1295 et

116 1340 157 1389 C
195 1339 286 1388 sibi
323 1357 418 1386 non
457 1346 688 1385 constent.
760 1339 1011 1385 Diversum
1058 1340 1205 1404 igitur
1249 1338 1420 1386 horum
1456 1338 1688 1386 librorum
1723 1337 2000 1403 dig-nitatem
2034 1339 2243 1386 numeris
2277 1355 2426 1403 appo·

108 1433 213 1480 sitis
249 1432 313 1477 ita
352 1428 634 1487 discernam,
669 1435 722 1475 ut
757 1428 834 1475 Αι
866 1426 934 1475 Cl
978 1427 1221 1492 prioribus
1256 1428 1364 1488 illis,
1399 1427 1480 1476 Α2
1504 1427 1586 1476 (32
1624 1427 1973 1492 posterioribus
2007 1430 2102 1476 sint
2136 1427 2424 1493 assignandi.

279 1520 395 1567 Jam
444 1535 558 1564 vcro
606 1520 874 1581 quaeritur,
930 1525 1089 1565 utrum
1144 1535 1295 1583 genus
1354 1536 1444 1582 pro
1504 1517 1791 1581 interpolato
1837 1517 2107 1570 habendum
2154 1519 2228 1565 sit.
2300 1517 2424 1566 Cum

110 1617 266 1657 autem
304 1616 356 1655 ut
392 1610 439 1654 in
476 1624 528 1654 re
563 1607 811 1653 manifesta
860 1623 1024 1654 omncs
1071 1607 1276 1655 editores
1324 1624 1406 1655 eos
1442 1606 1658 1665 codices,
1704 1622 1828 1671 quos
1872 1608 2137 1670 posteriore
2170 1606 2278 1654 loco
2315 1623 2425 1655 enu-

107 1700 300 1755 meravi,
337 1696 651 1760 interpolatos
689 1713 792 1742 csse
827 1699 1140 1755 consentiant,
1176 1714 1326 1760 pauca
1364 1696 1577 1760 exempla
1614 1697 1784 1744 afferre
1818 1696 2048 1743 sufficiet.-

279 1786 433 1834 Dial.
473 1786 633 1834 deor.
671 1785 709 1832 l.
748 1787 794 1833 2.
840 1785 1183 1834 Prometheum
1226 1787 1556 1835 vaticinantem
1601 1781 1663 1835 τὸ
1705 1786 1896 1847 τεχθὲν
1929 1787 2018 1835 ἴσα
2053 1781 2336 1850 ἐργάσεταί
2367 1797 2425 1834 σε

109 1874 196 1928 οἷα
229 1880 317 1927 καὶ
353 1872 418 1926 σύ
455 1877 681 1941 ἔδρασας
692 1876 968 1941 —Jupiter
986 1876 1281 1941 interpellat3
1314 1876 1460 1943 vulgo
1485 1878 1514 1925 i.
1534 1894 1572 1925 c.
1592 1877 1641 1923 in
1661 1876 1704 1924 F
1723 1875 1781 1924 M
1801 1893 1826 1924 a
1861 1872 1957 1927 τὸν
1976 1872 2181 1940 Κρόνον
2215 1875 2423 1934 additur,

107 1967 239 2035 quod
276 1966 657 2033 supplementum
695 1966 913 2032 profecto
958 1965 1370 2033 languidissimum
1417 1974 1511 2028 cst,
1549 1984 1654 2015 cum
1689 1966 1902 2033 Jupiter,
1937 1984 2078 2034 quem
2115 1967 2340 2016 facinoris
2374 1968 2423 2015 in

106 2060 153 2107 in
191 2066 374 2123 patrem
412 2059 650 2105 commissi
688 2057 881 2122 pudeat,
917 2056 1113 2105 Saturni
1149 2074 1320 2106 nomen
1357 2059 1654 2123 pronuntiari
1692 2056 1823 2105 nolit.

276 2148 425 2209 Quod
462 2147 728 2195 Charon.
767 2166 869 2211 cap.
888 2148 934 2193 6.
971 2149 1018 2193 in
1056 2147 1343 2195 editionibus
1378 2148 1553 2214 legitur
1588 2141 1696 2197 ἀπὸ
1731 2151 1826 2197 τοῦ
1860 2148 2040 2210 τέγους
2074 2150 2285 2211 κεραμὶς
2319 2147 2423 2197 ἐπι-

103 2240 341 2288 πεσοῦσα
379 2231 473 2287 σύκ
510 2230 607 2286 οἶδ’
646 2232 769 2287 ὅτου
804 2233 1115 2300 κινήσαντος
1156 2230 1459 2287 ἀπέκτεινεν
1495 2230 1676 2297 αὐτόν,
1711 2238 2102 2288 Vindobonensis
2137 2239 2183 2286 B
2218 2240 2423 2287 auctor&

104 2337 201 2377 tate
243 2346 328 2376 sua
374 2329 650 2386 confirmat,
699 2328 788 2374 nisi
836 2327 968 2393 quod
1013 2328 1240 2376 mendose
1286 2324 1379 2378 οὔκ
1426 2324 1521 2379 οἷδ’
1570 2323 1648 2378 ὅτι
1691 2325 1996 2392 κινήσοντος
2040 2337 2282 2377 exaratum
2333 2335 2425 2377 est.

104 2418 288 2469 Contra
324 2417 618 2484 reliquorum
655 2417 870 2466 codicum
909 2416 1013 2480 (A2
1037 2416 1111 2466 Ο2
1140 2420 1194 2466 Ω
1217 2418 1261 2466 L
1282 2417 1364 2479 M)
1399 2418 1539 2467 lectio
1577 2412 1672 2470 οὐκ
1707 2415 1804 2468 οἷὸ’
1841 2413 1983 2469 ὅπως
2017 2420 2110 2469 τοῦ
2148 2414 2424 2483 οἰκήματος

102 2518 302 2575 propter
337 2508 535 2570 τέγους,
582 2508 711 2573 quod
749 2510 1022 2568 antecessit,
1060 2509 1179 2557 adco
1217 2509 1414 2558 molesta
1451 2517 1536 2569 est,
1573 2517 1626 2557 ut
1661 2511 1737 2556 vix
1774 2509 1970 2576 intellig-i
2007 2516 2167 2575 queat,
2202 2525 2287 2557 cur
2320 2517 2429 2557 tan-

103 2599 210 2648 dem
248 2597 666 2646 Sommerbrodtio
702 2598 945 2662 placuerit.

274 2691 392 2738 Vit.
431 2696 584 2735 auct.
622 2705 722 2752 cap.
760 2690 840 2735 22.
891 2688 951 2736 de
986 2687 1278 2755 syllogismi,
1328 2706 1467 2753 quem
1504 2689 1743 2736 Electram
1780 2696 1978 2747 vocant,
2026 2696 2193 2736 natura
2242 2691 2305 2735 ita
2342 2704 2421 2735 ex-

102 2781 236 2844 ponit
282 2778 608 2844 Chrysippus:
654 2772 949 2840 Ἠλέκτραν
993 2780 1092 2839 μὲν
1137 2777 1340 2840 ἐκείνην
1384 2775 1482 2840 τήν
1527 2773 1670 2826 πάνυ
1716 2775 1814 2841 τήν
1858 2772 2250 2841 Ἀγαμέμνονος,
2284 2773 2320 2841 ἦ
2352 2774 2422 2835 πὶ

98 2862 238 2917 αὐτοὶ
277 2865 383 2917 οἶδέ
418 2888 474 2916 τε
511 2861 625 2930 ἅμα
660 2871 746 2917 καὶ
785 2860 878 2916 οὐκ
915 2863 1048 2916 οἶδε·
1084 2870 1423 2932 raptore-3705
1458 2862 1564 2931 γᾶρ
1601 2860 1737 2932 αὐτῇ
1757 2870 1850 2917 τοῦ
1874 2861 2121 2932 Ὀρέστου
2145 2868 2221 2917 ἔτι
2244 2860 2420 2930 ‹iyni-

99 2975 186 3010 τος
232 2955 339 3009 οἶδε
379 2961 480 3022 μὲν
526 2952 780 3024 Ὀρέστην
818 2967 904 3004 etc.
984 2958 1289 3024 Locuplctati
1342 2967 1452 3006 sunt
1497 2957 1708 3005 absurdo
1757 2958 2110 3024 interpolatoris
2152 2967 2420 3007 commento

101 3055 140 3099 Φ
175 3051 225 3112 Q
258 3051 331 3109 M,
382 3052 561 3116 quippe
596 3053 643 3097 in
680 3049 857 3116 quibus
893 3057 1005 3114 post
1040 3043 1284 3111 ᾰγνῶτος
1319 3050 1436 3098 baec
1471 3052 1644 3098 inserta
1682 3059 1817 3098 sunt:
1869 3054 1956 3099 καὶ
1999 3046 2070 3099 *td
2105 3042 2237 3099 ὀστᾶ
2271 3051 2419 3114 (alra

98 3143 180 3204 Ω)
216 3137 280 3203 δὴ
316 3143 411 3189 τοῦ
449 3134 696 3202 Ὀρέστου
737 3141 959 3199 ἔχοντος.
