2546 3387
1244 126 1306 170 12

617 200 657 239 ὓ]

114 263 164 310 in
210 262 480 310 libellorum
531 260 725 320 ordine,
776 263 859 326 qui
905 263 953 309 in
997 261 1196 334 reliquis
1241 261 1377 310 libris
1425 260 1774 309 diversissimus
1820 268 1918 320 est,
1948 262 2053 309 nisi
2089 262 2292 325 121·in
2324 268 2435 327 prod

115 351 284 400 fluxit?

289 439 415 488 Sunt
457 438 651 505 quidem
699 438 792 487 loci
827 438 1088 488 secundum
1126 457 1228 488 eam
1264 458 1407 505 quam
1443 437 1674 488 habemns
1718 436 2047 498 collationem,
2091 439 2175 504 qui
2219 439 2435 503 opinioni

115 519 248 578 meac
282 529 440 578 infesti
477 545 579 577 csse
612 526 889 591 videantur3
936 531 1124 578 omissis
1168 537 1324 578 autem
1368 530 1450 589 iis,
1496 528 1579 577 ubi
1614 545 1770 593 neque
1802 527 2011 577 Parisini
2035 525 2222 576 dise-ta
2259 526 2435 577 mentio

115 616 241 666 facta
279 624 349 666 est
385 633 540 683 neque
575 616 871 667 Gon-licensis
906 636 933 667 a
969 616 1011 668 C
1046 617 1178 679 solo,
1224 616 1307 667 scd
1354 615 1417 666 ab
1463 615 1685 666 omnibus
1729 614 1974 666 codicibus
2020 617 2085 666 ita
2129 614 2337 676 recedit,
2382 621 2437 665 nt

115 705 264 753 fontis
299 708 629 755 auctoritatem
674 705 869 755 licenter
904 705 1135 772 abJecisse
1168 705 1402 767 videatur,
1449 722 1532 755 eae
1566 712 1746 755 restant
1779 705 2058 771 scripturae,
2092 705 2142 754 in
2177 703 2353 772 quibus
2384 701 2437 762 A

115 811 222 840 cum
269 794 373 841 aliis
418 794 664 842 codicibus
712 797 943 853 concinit,
989 813 1015 842 a
1053 794 1094 843 C
1131 794 1361 842 dissonat.
1432 795 1573 857 Quae
1617 794 1962 859 discrepantiae
1995 793 2123 842 unde
2155 795 2251 842 sint
2284 801 2433 855 ortae,

115 899 212 930 non
248 885 413 947 paucis
450 884 569 931 locis
604 892 715 948 apte
749 892 908 949 potest
945 883 1195 947 explicari:

290 974 348 1035 l)
385 972 670 1020 Consimiles
706 973 895 1021 vocales
929 974 1002 1020 vel
1039 972 1328 1038 diphthongi
1363 971 1484 1019 inA
1508 971 1792 1019 substitutae
1816 979 1948 1033 sunt3
1984 972 2261 1020 conf.Ver.
2298 971 2435 1019 hist.

114 1059 156 1120 I,
178 1063 258 1109 35.
307 1058 634 1125 Ψηττόποδες
671 1063 712 1112 C
747 1092 815 1099 —-
859 1059 1172 1112 Ψιττόποδες
1207 1062 1283 1125 A3
1317 1064 1496 1111 Lucii
1532 1080 1636 1127 cap.
1659 1064 1736 1111 l2.
1775 1062 1975 1125 οἰκέτην
1997 1061 2039 1111 C
2067 1089 2134 1097 —
2169 1062 2341 1126 ἱκέτην
2361 1060 2437 1125 A3

118 1149 470 1198 Demonact.
507 1154 607 1199 vit.
645 1170 748 1217 cap.
786 1154 865 1199 17.
901 1148 1263 1216 γραμμάτειον
1300 1153 1422 1216 (sic)
1459 1151 1500 1199 C
1535 1179 1602 1186 -—
1636 1148 1971 1216 γραμμάτιον
2007 1150 2072 1199 A.

288 1241 349 1303 2)
385 1240 497 1288 Non
534 1258 644 1287 raro
681 1240 936 1288 verborum
974 1240 1287 1288 collocatione
1322 1241 1546 1288 differunt
1582 1239 1624 1289 C
1661 1248 1706 1288 et
1738 1239 1807 1299 A,
1856 1258 1979 1307 quae
2021 1239 2285 1288 differentia
2322 1239 2434 1288 inde

115 1337 224 1375 nata
262 1348 365 1376 esse
398 1330 600 1387 videtur,
637 1331 768 1394 quod
804 1332 851 1379 in
878 1330 919 1377 C
945 1349 1036 1377 una
1058 1331 1275 1394 plurcsvc
1310 1330 1505 1377 voculae
1538 1332 1639 1377 sive
1673 1347 1815 1393 supra
1853 1347 2040 1377 versum
2075 1331 2294 1393 scriptae,
2330 1331 2432 1377 sive

116 1417 164 1463 in
200 1420 415 1483 margine
450 1418 639 1465 additae
674 1428 808 1480 sunt3
853 1438 946 1484 qua
994 1422 1040 1465 in
1085 1438 1135 1464 re
1169 1419 1418 1466 indicanda
1455 1418 1707 1465 socordem
1743 1419 1893 1465 fuisse
1927 1417 2148 1466 Belinum
2186 1420 2432 1483 cognosci-

115 1524 221 1553 mus
259 1525 314 1554 ex
352 1507 696 1572 Philopseude‚
733 1509 831 1566 ubi,
867 1508 925 1555 M
961 1509 1123 1556 codicc
1159 1508 1286 1572 apud
1324 1507 1637 1556 Fritzschium
1673 1525 1835 1555 recens
1872 1507 2078 1565 collato,
2116 1510 2163 1554 in
2199 1507 2292 1555 hoc
2325 1510 2434 1572 ipso

117 1594 282 1643 codice
324 1615 420 1644 non
474 1616 624 1661 pauca
672 1618 792 1645 man.
838 1617 929 1646 sec.
967 1599 1289 1662 suprascripta
1336 1617 1439 1645 esse
1484 1597 1762 1656 edocemur,
1814 1598 1981 1645 silente
2026 1598 2215 1645 Belino.
2287 1597 2431 1646 Conf.

965 1682 1139 1735 πιόντι
1994 1689 2081 1735 καὶ
2116 1682 2211 1735 τὸν
2245 1687 2354 1734 Δία

116 1751 272 1797 Dial.
311 1753 511 1798 marin.
549 1752 616 1810 11,
653 1770 758 1817 cap.
778 1754 826 1799 2.
863 1751 1270 1815 περιφέρεσθαη
1305 1751 1452 1799 Dial.
1489 1750 1755 1809 dcor.20‚
1794 1752 1871 1799 1⁰.
1907 1754 1994 1799 καὶ
2029 1747 2124 1800 τὸν
2159 1748 2436 1817 δικαστήνς

612 1844 722 1890 τῶν
758 1838 1052 1904 βατράχων
1628 1841 1671 1889 εἰ
1705 1844 1847 1889 δοκεῖ

115 1905 251 1952 Ver.
288 1904 426 1952 hist.
463 1907 504 1964 1,
539 1908 620 1954 23.
659 1901 1007 1969 ὀπτωμένων;
1054 1906 1210 1955 Gall.
1249 1923 1351 1970 cap.
1388 1908 1467 1954 3⁰.
1505 1901 1656 1971 παρά
1692 1906 1979 1969 Γνίφωνας
2023 1904 2199 1954 Rhet.
2237 1922 2433 1972 praec.

221 1988 341 2042 οὐδὲ

116 2062 194 2107 16.
232 2064 319 2108 καὶ
356 2069 637 2123 σκορακιεῖ.

287 2151 346 2213 3)
383 2149 439 2196 In
463 2149 731 2198 Gorlicensi
754 2150 988 2199 interdum
1010 2158 1192 2213 aperta,
1214 2148 1389 2213 quibus
1414 2148 1455 2197 C
1482 2157 1646 2207 scatet,
1673 2151 1784 2197 vitia
1810 2149 1901 2196 leni
1928 2149 2153 2214 facilique
2173 2152 2434 2198 mutatione

116 2246 328 2287 correcta
365 2246 488 2287 sunt.
544 2237 687 2289 Conf.
724 2239 877 2289 Dial.
914 2258 1051 2288 mar.
1079 2241 1127 2298 4,
1153 2241 1195 2287 l.
1234 2230 1388 2288 οὐδὲν
1422 2233 1664 2288 τοιοῦτόν
1697 2238 1813 2287 τιὈ
1838 2268 1905 2275 -
1930 2231 2082 2288 οὐδὲν
2116 2242 2325 2289 τοιοῦτο
2358 2238 2435 2301 A3

114 2326 230 2376 ibid.
266 2328 325 2388 8,
362 2330 408 2376 l.
467 2331 555 2377 καὶ
590 2324 1023 2392 κατεναυμάχησε
1057 2330 1143 2377 καὶ
1180 2325 1221 2376 C
1266 2357 1333 2368 -ν-
1377 2323 1809 2390 κατεναυμάχησε
1846 2330 1934 2377 καὶ
1968 2327 2018 2376 A
2029 2348 2044 2389 3
2095 2328 2133 2376 J
2144 2346 2174 2375 o
2191 2348 2233 2376 v.
2282 2337 2432 2393 trag.

114 2434 218 2482 cap.
240 2416 287 2465 6.
318 2415 558 2480 μενέτων
594 2415 635 2467 C
670 2447 736 2453 —
766 2413 1042 2479 μενόντων
1076 2415 1150 2479 A3
1185 2414 1355 2465 Rhet.
1392 2433 1587 2480 praec.
1624 2433 1727 2481 cap.
1752 2418 1830 2465 10.
1865 2417 1990 2467 ἴσως
2025 2415 2067 2465 C
2102 2446 2170 2454 --—
2204 2416 2332 2468 τέως
2353 2417 2433 2480 A3

113 2506 224 2555 Bis
269 2523 462 2555 accus.
516 2524 619 2571 cap.
655 2508 734 2555 27.
795 2506 1143 2571 περιηγομένη
1180 2503 1222 2553 C
1265 2534 1331 2541 —
1377 2504 1730 2570 περιαγομένη
1765 2503 1841 2567 A3
1891 2506 2158 2571 Fugitiv.
2212 2525 2316 2572 cap.
2351 2509 2432 2555 28.

113 2587 147 2662 ἦ
186 2596 227 2646 C
263 2627 328 2633 -—
363 2587 433 2660 ἦν
467 2595 532 2645 A.

286 2688 347 2753 4)
382 2684 639 2737 Nonnullis
685 2684 889 2752 (lenique
931 2684 1049 2734 locis
1099 2687 1146 2734 in
1193 2684 1489 2735 conficiendo
1527 2684 1795 2734 Gorlicensi
1848 2684 1968 2735 alius
2004 2685 2155 2735 codex
2191 2685 2434 2737 adhibitus

114 2795 216 2827 esse
250 2777 462 2836 videtur,
499 2777 634 2841 cujus
669 2777 736 2824 rei
775 2775 887 2823 mihi
922 2782 1063 2823 testcs
1098 2776 1214 2824 sint:
1260 2776 1443 2824 Pisca
1459 2783 1491 2824 t.
1529 2793 1632 2841 cap.
1668 2777 1714 2824 4.
1753 2770 1781 2826 ὁ
1816 2771 2046 2840 προςιών
2081 2774 2133 2825 A
2167 2773 2227 2836 C,
2261 2774 2346 2825 sed
2381 2774 2434 2826 A

114 2870 162 2916 in
199 2886 348 2933 marg.
371 2885 442 2932 pr.
464 2885 526 2915 m.
565 2861 594 2915 ὁ
629 2868 864 2924 σιωπῶν,
901 2865 1032 2931 quod
1069 2865 1169 2915 rcll.
1206 2865 1345 2914 codd.
1382 2866 1583 2928 habcnt3
1628 2867 1714 2915 De
1749 2866 2003 2915 merced.
2040 2865 2208 2915 cond.
2244 2884 2346 2932 cap.
2382 2870 2430 2916 4.

115 2952 258 3007 ὅλων
293 2956 335 3004 C
379 2985 449 2993 —
485 2937 631 3006 ὅλων.
663 2956 714 3003 A
751 2949 895 3005 ὅλων
928 2954 1010 3017 Μς
1044 2955 1223 3002 Lucii
1261 2972 1363 3020 cap.
1382 2957 1462 3003 22.
1499 2951 1780 3018 παιόμενος
1813 2955 1864 3004 A
1900 2954 1959 3016 C,
1994 2955 2079 3003 sed
2113 2954 2165 3003 A
2188 2943 2247 3003 in
2283 2974 2434 3022 marg.

113 3109 434 3174 τυπτόμενος
480 3130 586 3159 cum
632 3113 674 3159 F
708 3111 790 3172 M3
834 3111 966 3160 Ver.
1012 3109 1150 3156 hist.
1195 3109 1263 3168 Π,
1308 3112 1387 3158 22.
1440 3111 1642 3171 γίνεται
1680 3112 1721 3160 C
1767 3140 1835 3147 —-
1877 3045 2090 3172 {legg
2118 3110 2184 3169 A,
2231 3113 2435 3174 riserat
