2546 3387
1221 113 1287 161 24

106 252 377 301 habuerunt
426 251 722 316 antiquiores
765 253 1080 318 grammatici,
1115 251 1199 302 sed
1233 253 1513 304 inferiorum
1548 253 1737 304 demum
1772 262 2041 322 temporum
2062 258 2407 328 lexicographi

104 340 235 393 velut
267 340 483 391 Thomas
517 340 772 409 Magister,
808 341 909 409 ejus
943 344 1223 392 auctoritate
1255 345 1329 393 usi
1359 350 1487 392 sunt.
1542 342 1782 412 Denique·
1797 363 1859 396 ne
1888 346 2020 414 apud
2043 342 2281 419 [ὦψαι
2299 352 2406 419 qui-

108 435 216 483 dem
250 435 466 499 priorum
501 432 799 482 saeculorum
834 436 1092 499 scriptores
1126 435 1327 483 Luciani
1369 436 1652 485 mentionem
1688 436 1861 485 factam
1894 424 2096 506 ejusque
2128 440 2273 491 verba
2307 440 2408 492 lau-.-

106 525 218 574 data
262 540 365 572 esse
414 525 615 588 reperio.
694 523 815 572 Inde
857 542 962 572 cum
1006 526 1120 572 satis
1165 532 1423 589 appareat,
1464 542 1559 574 non
1594 525 1947 591 percrebruisse
1980 528 2404 598 illisJAEetnffioribus

104 616 309 665 Luciani
344 632 518 679 opera,
566 615 744 680 quippe
788 617 872 681 qui
915 615 1192 681 religionem
1228 613 1547 664 Christianam
1582 618 1784 666 irrisisse
1818 626 2089 683 putaretur,
2118 639 2269 671 ‚unum
2303 630 2406 672 tan·

105 715 207 756 tum
242 704 484 770 exemplar
517 712 715 753 aetatem
751 704 914 753 tulisse
946 706 1245 771 Lucianique
1277 707 1494 754 notitiam
1529 723 1850 774 propagasse,
1894 727 2008 757 vero
2052 727 2149 758 non
2192 711 2408 761 absimile

107 806 195 858 est,
229 797 509 863 praesertim
545 814 650 844 cum
684 796 809 844 idem
843 799 893 844 in
927 797 1180 845 tritissimis
1214 796 1392 845 factum
1425 800 1488 846 sit
1520 797 1807 847 auctoribus.

281 912 472 961 Certius
516 920 844 979 argumentum
888 910 1000 958 inde
1032 919 1244 976 repetere
1276 911 1411 971 licet,
1459 913 1590 977 quod
1634 931 1776 979 saepe
1817 916 2122 981 gravissimae
2169 915 2401 965 librorum

106 1012 381 1052 nostrorum
417 1003 710 1051 diversitates
744 1002 884 1050 facile
917 1005 980 1049 ita
1017 1012 1218 1066 possunt
1252 1002 1480 1067 expediri,
1514 1011 1568 1051 ut
1601 1006 1650 1051 in
1680 1004 1939 1073 archetypo
1974 994 2237 1054 fortuitum¹
2258 1024 2405 1073 quen-

109 1096 219 1143 dam
253 1094 435 1142 librarii
471 1112 679 1142 errorem
715 1101 992 1141 statuamus,
1051 1093 1467 1140 praemonendum
1504 1102 1659 1141 autem
1695 1105 1780 1155 est,
1817 1115 1934 1144 voce
1967 1096 2126 1162 aliqua
2161 1099 2209 1143 in
2243 1096 2405 1144 arche-

108 1196 225 1253 typo
271 1187 594 1251 suprascripta
644 1186 693 1231 in
739 1182 1031 1249 apographis
1065 1183 1113 1230 id
1150 1184 1274 1230 effici
1308 1183 1486 1243 solere,
1534 1192 1587 1231 ut
1632 1193 1714 1233 aut
1758 1188 1862 1250 ipsa
1909 1205 2107 1251 prorsus
2143 1188 2402 1246 omittatur,

108 1287 191 1325 aut
224 1280 271 1324 in
306 1278 455 1323 vicem
490 1275 592 1340 ejus
627 1273 873 1332 vocabuli,
909 1276 982 1321 cui
1018 1275 1340 1338 suprascripta
1376 1282 1471 1333 est,
1506 1274 1836 1336 substituatur,
1873 1285 1954 1325 aut
1988 1276 2081 1325 alio
2117 1276 2223 1325 loco
2258 1278 2406 1326 textui

108 1370 346 1415 inseratur
379 1375 461 1413 aut
496 1365 700 1431 denique
744 1383 832 1412 suo
876 1364 983 1412 loco
1026 1372 1225 1411 maneat.
1294 1364 1460 1427 Dial.¹
1487 1363 1652 1414 deor.
1687 1367 1755 1426 ll,
1791 1385 1893 1431 cap.
1927 1368 1974 1414 2.
2022 1368 2283 1432 interrogat
2314 1367 2405 1415 Ju-

108 1461 232 1524 piter
265 1457 515 1516 Amorem,
552 1476 648 1522 quo
686 1455 829 1504 modo
866 1474 922 1504 eo
957 1457 1109 1520 possit
1143 1457 1403 1520 pervenire,
1440 1462 1492 1504 ut
1526 1465 1691 1521 gratus
1725 1458 1810 1506 fiat
1845 1456 2134 1507 mulieribus.
2184 1456 2406 1523 Respon-

109 1549 190 1599 det
236 1548 417 1598 Amor:
467 1550 511 1599 εἰ
543 1549 588 1598 δ’
625 1546 817 1598 ἐθέλεις
852 1545 1131 1611 ἐπέραστος
1166 1541 1326 1609 εἶναι,
1357 1542 1431 1612 μή
1470 1545 1658 1597 ἐπίσειε
1693 1544 1791 1613 τήν
1826 1549 2004 1612 αἰγίδα
2034 1550 2165 1613 μηδὲ
2198 1544 2292 1598 τὸν
2326 1567 2404 1598 κε-

106 1636 310 1705 ραυνόν
346 1640 491 1704 φέρε,
528 1632 646 1688 ἀλλ’
685 1633 755 1687 ὠς
787 1632 1003 1702 ἥδιστον
1037 1637 1174 1685 ποίει
1218 1633 1443 1686 σεαυτὸν
1480 1637 1810 1702 ἑκατέρωθεν
1848 1638 2155 1701 καθειμένος
2189 1636 2405 1703 βοστρῤ-

108 1749 263 1794 χους.-
313 1732 387 1778 lta
423 1730 495 1779 ΑΙ
528 1730 600 1788 Β,
648 1731 738 1777 nisi
784 1728 915 1794 quod
950 1728 1264 1789 καθειμένον
1299 1727 1487 1776 habent.
1558 1729 1614 1776 ln
1650 1732 1868 1778 extremis
1904 1729 2184 1778 dissentiunt
2219 1729 2404 1779 codices

106 1822 405 1888 interpolati3
450 1823 515 1869 F:
561 1814 679 1869 ἀλλ’
716 1815 786 1869 ὦς
819 1814 1035 1884 ἥδιστον
1071 1816 1284 1868 ἁπαλὸν
1318 1820 1452 1868 ποίει
1487 1816 1710 1869 σεαυτὸν
1745 1817 1911 1871 καλὸν
1945 1813 2185 1883 ὀφθῆναι
2230 1826 2406 1871 καθει-

100 1915 263 1979 μένον
299 1909 641 1977 βοστρύχους;
674 1911 753 1959 M:
790 1904 908 1961 ἄλλ’
930 1909 1000 1962 ὦς
1033 1906 1248 1976 ἥδιστον
1283 1912 1416 1960 ποίει
1451 1906 1675 1961 σεαυτὸν
1710 1907 1922 1962 ἁπαλὸν
1958 1904 2198 1976 ὀφθῆναι
2234 1912 2404 1962 ἑκατέ-

103 2012 252 2071 ρωθε
287 2003 601 2066 καθειμένον
636 2000 980 2066 βοστρύχους;
1030 2004 1097 2050 L:
1133 1997 1250 2052 ἄλλ’
1299 1998 1370 2051 ὠς
1403 1997 1484 2067 ἥδ.
1519 2020 1571 2050 π.
1609 2000 1832 2052 σεαυτὸν
1871 1999 2082 2052 ἁπαλὸν
2118 2006 2204 2051 καὶ
2238 2000 2405 2053 καλὸν

106 2089 374 2160 ὀφθῆναι,
423 2094 718 2157 ἑκατέρωθε
753 2094 1067 2156 καθειμένον
1102 2098 1279 2158 βοστρ.
1349 2093 1589 2158 Explanat
1630 2093 1750 2142 hanc
1784 2093 2188 2159 perturbationem
2223 2093 2405 2144 Vindo-

105 2188 333 2235 bonensis
356 2187 417 2244 B,
447 2188 494 2232 in
518 2203 614 2250 quo
636 2193 745 2249 post
779 2181 1003 2234 σεαυτὸν
1037 2188 1263 2251 scriptum
1300 2192 1399 2233 erat
1433 2181 1685 2234 ἄπολλον.
1738 2185 1795 2232 ln
1829 2183 2087 2252 archetypo
2124 2179 2194 2234 ὦς
2216 2177 2404 2234 Ἀπόλ-

498 2266 508 2274 ”
1509 2271 1579 2325 ὠς
1615 2259 1915 2326 Ἀπόλλων’

102 2349 215 2394 λων
252 2344 409 2392 versui
444 2343 817 2408 suprascriptum
852 2343 1002 2391 fuisse
1035 2341 1241 2391 videtur:
1277 2342 1410 2392 ποίει
1446 2339 1666 2393 σεαυτὸν
1704 2343 2056 2409 ἓκατέρωθεν;
2092 2360 2199 2390 nam
2220 2341 2403 2408 Apollo

101 2436 219 2485 «Iovi
255 2443 482 2500 tanquam
519 2433 781 2499 exemplum
819 2435 1118 2501 proponitur.
1171 2428 1271 2484 ‘sss
1291 2442 1374 2482 aut
1401 2436 1603 2495 evanuit,
1640 2443 1721 2484 aut
1754 2443 1863 2485 ante
1894 2427 2109 2501 ἥδιστον
2143 2435 2192 2482 in
2226 2442 2404 2484 textum

101 2534 342 2592 receptum
381 2533 451 2575 est
486 2524 673 2588 [deesse
708 2527 828 2574 enim
865 2527 1070 2591 potest);
1107 2518 1387 2576 Ἀπόλλων
1423 2528 1470 2574 in
1506 2520 1720 2577 ἁπαλόν
1755 2525 1897 2587 abiit,
1933 2524 2065 2592 quod
2099 2523 2176 2574 hic
2210 2524 2304 2574 illic
2337 2526 2405 2575 in-

100 2618 336 2668 culcatum
372 2636 523 2665 novas
558 2617 743 2683 peperit
777 2615 1178 2683 interpolationes.
1249 2615 1472 2683 Denique
1506 2637 1601 2665 non
1637 2615 2103 2684 praetermittendum
2139 2623 2237 2677 est,
2274 2615 2405 2683 quod

98 2710 148 2758 in
184 2706 567 2776 Guelferbytano
603 2709 646 2756 F
682 2706 1011 2771 ἑκατέρωθεν
1046 2708 1382 2773 suprascriptis
1417 2707 1526 2756 loco
1562 2711 1715 2758 cessit.
1782 2689 2229 2757 Luculentissimum
2263 2707 2405 2757 liabe-

99 2819 205 2848 mus
251 2798 548 2863 exemplum,
595 2817 621 2845 a
657 2796 915 2847 Dindorlio
961 2797 1221 2857 detectum,
1267 2799 1315 2845 in
1351 2796 1644 2847 Alexand.
1681 2817 1784 2864 cap.
1818 2800 1898 2847 6⁰.
1943 2788 2011 2863 ἦν
2048 2799 2103 2847 δὲ
2139 2796 2193 2846 ἐν
2229 2792 2404 2850 αὐτοῖς

97 2892 187 2940 καὶ·
220 2893 412 2940 Παῖτος
447 2884 625 2953 ἰατρὸς
669 2884 768 2955 τήν
803 2888 1007 2955 τέχνην,
1056 2888 1267 2953 πολίτης
1304 2884 1374 2950 ὃς,
1421 2883 1539 2938 οὔτε
1576 2890 1741 2955 ἰατρῷ
1776 2888 2046 2954 πρέποντα
2082 2884 2200 2939 οὔτε
2234 2893 2405 2957 πολιῷ

98 2973 252 3047 ἆνδρὶ
288 2983 457 3031 ταῦτα
493 2982 678 3032 ποιῶν.
749 2981 887 3029 Haec
931 2989 1002 3029 est
1049 2980 1257 3028 omnium
1303 2978 1536 3028 librorum
1571 2979 1739 3040 lectio,
1775 2997 1917 3049 quam
1952 2979 2074 3029 male
2106 2996 2266 3029 sanam
2304 2998 2405 3030 esse

96 3090 236 3123 nemo
272 3089 369 3122 non
406 3071 547 3122 videt.
602 3073 857 3142 Ingeniose
887 3070 1170 3120 Dindorlius
1194 3071 1407 3137 πολίτης
1443 3066 1496 3121 ὅς
1521 3071 1637 3119 nihil
1672 3071 1799 3120 aliud
1834 3089 1938 3121 esse
1971 3073 2227 3140 perspexit,
2262 3090 2404 3141 quam

95 3143 308 3228 πολίτῆἓ
343 3166 372 3212 i.
411 3182 447 3213 e.
484 3161 679 3228 πολιός,
729 3182 825 3232 quo
875 3171 1065 3230 recepto
1103 3164 1257 3211 omnia
1295 3162 1435 3229 plana
1470 3172 1604 3224 sunt,
1651 3166 1739 3212 nisi
1785 3165 1991 3213 fortasse
2024 3160 2103 3214 ὢν
2137 3163 2405 3213 addendum
