2546 3387
1232 120 1299 169 22

113 259 319 325 primum
353 256 468 319 duo,
502 275 708 325 quorum
744 256 864 309 alter
897 261 1236 312 correctionem
1265 261 1655 327 antiquissimam,
1677 263 1960 329 scripturam
1979 263 2101 317 alter
2122 265 2415 316 correctione

115 347 313 401 liberam
357 348 605 400 servavit“
641 355 726 399 ctc.
795 346 898 401 Sed
944 368 1042 401 non
1083 349 1249 413 video,
1293 369 1389 402 cur·
1424 351 1473 402 iu
1519 349 1709 402 duobus
1729 349 1837 404 ‘illis
1871 351 2120 407 codicibus
2150 355 2414 408 constiterit

115 442 189 490 vir
223 439 539 501 doctissimus,
574 441 799 507 quoniam
833 442 882 490 in
918 449 1045 491 tanta
1082 443 1304 492 vitiorum
1326 443 1659 493 communione
1682 460 1778 493 non
1813 462 2083 511 possumus,
2118 448 2234 514 quin
2267 464 2413 497 noun

116 538 378 580 statua-us
416 529 742 597 archetypum.

289 621 508 669 Primum
554 623 702 687 igitur
746 620 807 669 dc
839 622 1019 670 lacunis
1054 621 1390 687 disputandum
1427 630 1513 682 est,
1549 640 1672 688 quae
1704 622 1925 672 omnibus
1960 623 2205 674 codicibus
2239 626 2415 690 pariter

117 711 337 759 insident.
2238 762 2241 764 .

287 801 465 850 Deor.
501 800 644 849 dial.
669 801 788 859 XX,
811 819 913 866 cap.
948 802 1026 850 lt).
1061 803 1108 849 in
1143 820 1237 850 uua
1272 800 1479 850 editione
1495 800 1714 861 «Iuntina,
1750 820 1873 868 quac
1905 821 2073 868 parum
2107 803 2219 853 fidei
2253 802 2413 863 habet,

115 894 324 940 invenies
358 892 526 940 verba:
560 885 805 942 Ἀπόδυθι
850 895 936 940 καὶ
971 889 1053 954 σύ,
1090 882 1134 942 ὦ
1169 886 1464 957 Ἀφροδίτη,
1500 892 1689 958 quibus,
1725 895 1773 940 ni
1808 893 1966 953 fallor,
2002 911 2162 942 carere
2185 911 2282 944 non
2303 912 2414 959 pos·

115 1000 295 1041 sumus,
332 984 555 1047 quoniam
590 981 665 1030 his
701 983 887 1030 omissis
923 976 1108 1047 αὐτήν,
1144 983 1283 1048 quod
1312 985 1542 1049 sequitur,
1577 1002 1674 1030 non
1695 982 1854 1042 habet,
1890 1001 1988 1048 quo
2014 992 2141 1032 recte
2165 985 2412 1033 resa-ntur.

113 1074 240 1121 Nam
283 1073 428 1137 paulo
474 1081 583 1121 ante
625 1072 686 1121 de
718 1073 916 1121 «Iunone
960 1092 1116 1121 sermo
1155 1083 1282 1134 erat,
1321 1068 1491 1138 αὐτήν
1525 1091 1637 1122 vero
1674 1092 1729 1122 ex
1765 1077 2099 1123 sententiarum
2134 1092 2315 1123 conexu
2351 1073 2412 1123 ad

115 1164 350 1213 Venerem
396 1165 616 1228 respiciat
663 1171 867 1228 oportet.
935 1163 1105 1229 Neque
1151 1164 1287 1213 aliter
1327 1164 1566 1230 Nigrin.
1603 1182 1704 1229 cap.
1738 1165 1819 1212 3⁰.
1864 1173 1958 1213 tres
1993 1163 2146 1213 sol'um
2182 1163 2410 1214 editiones

119 1255 192 1317 (in
228 1271 326 1320 quo
361 1272 559 1303 numero
597 1253 760 1303 cadem
795 1253 875 1303 illa
909 1254 1110 1304 «Iuntina
1147 1258 1240 1318 est)
1285 1262 1448 1304 contra
1490 1255 1697 1303 omnium
1733 1254 1948 1304 codicum
1984 1257 2307 1305 auctoritatem
2344 1254 2412 1318 (B

118 1347 174 1394 Ω.
214 1348 253 1393 Φ
285 1344 343 1393 Μ
378 1348 429 1407 a)
467 1346 513 1395 oi
549 1347 604 1395 δὲ
640 1340 774 1396 ἄλλο
808 1363 856 1394 τι
904 1348 1141 1406 inserunt,
1189 1346 1321 1412 quod
1369 1345 1773 1410 supplementum,
1818 1363 1923 1394 cum
1971 1355 2097 1396 recte
2140 1365 2193 1396 se
2235 1345 2411 1395 habere

116 1433 358 1496 videatur,
407 1437 575 1486 merito
622 1436 914 1486 retinuerunt
957 1437 1239 1487 recentiores
1283 1434 1499 1487 editores.
1578 1434 1866 1486 Fritzschius
1910 1438 2183 1504 saepissime
2216 1435 2412 1488 lacunae

116 1527 307 1594 signum
343 1528 530 1593 posuit,
566 1525 800 1576 interdum
834 1534 1036 1588 temere,
1072 1526 1229 1576 multis
1264 1526 1381 1576 locis
1417 1528 1597 1593 optimo
1625 1526 1736 1594 jure
1768 1526 1896 1577 velut
1930 1527 2126 1577 Somn.
2162 1545 2263 1595 cap.
2299 1530 2332 1576 4
2366 1534 2412 1577 et

117 1633 223 1682 cap.
256 1619 304 1664 7.
339 1616 515 1666 Alex.
552 1634 653 1681 cap.
693 1620 756 1666 13
792 1625 837 1666 et
872 1635 976 1683 cap.
1010 1619 1091 1665 24.
1152 1618 1405 1665 Praeterea
1441 1616 1658 1664 conferas
1693 1618 1911 1665 Toxar.
1948 1634 2050 1683 cap.
2085 1620 2133 1677 5,
2169 1636 2308 1685 quem
2343 1619 2412 1666 lo·

118 1725 225 1757 cum
261 1706 538 1756 lacunosum
574 1724 675 1757 esse
708 1707 954 1757 Bekkerus
987 1706 1121 1758 vidit.

287 1798 437 1846 Hisce
470 1797 653 1864 aliquot
689 1797 821 1846 locos
855 1797 1131 1865 adjungam,
1169 1815 1291 1864 quos
1326 1813 1521 1845 mancos
1557 1814 1658 1845 esse
1693 1814 1783 1863 ego
1820 1814 2003 1845 censeo.

289 1886 548 1938 Charon.
573 1906 676 1954 cap.
700 1888 775 1937 18.
812 1887 1033 1954 leg-imus:
1060 1882 1234 1939 ’Ὅπου
1269 1888 1323 1937 δὲ
1359 1883 1427 1939 τὰ
1461 1883 1665 1937 τούτων
1701 1882 1925 1952 πονηρά,
1961 1887 2269 1949 λογίᾶεσθαι
2304 1907 2413 1938 και-

113 1974 220 2042 ρός,
258 1976 342 2028 οἷα
378 1975 444 2028 τὰ
479 1981 589 2028 τῶν
625 1980 852 2029 ὶδιωτών
887 1974 957 2029 ἄν
995 1981 1087 2043 εἴη,
1123 1997 1246 2044 quae
1279 1978 1423 2026 verba
1459 1978 1603 2026 latine
1635 1980 1699 2026 ita
1725 1977 1964 2026 reddenda
1986 1985 2117 2026 sunt:
2152 1980 2409 2044 „quoniam

94 2067 288 2121 ¹horum
323 2069 446 2131 (scil.
484 2072 672 2135 regum)
720 2069 937 2118 condicio
978 2072 1148 2118 misera
1186 2077 1272 2128 est,
1308 2076 1534 2134 exputare
1568 2067 1886 2127 commodum,
1922 2067 2075 2134 qualis
2111 2069 2172 2116 sit
2203 2070 2410 2134 privato·

117 2177 222 2207 rum
258 2158 553 2208 hominum.“
621 2160 838 2208 Primum
875 2162 923 2208 in
957 2162 1119 2225 priore
1154 2160 1387 2207 enunciati
1422 2157 1633 2207 membro
1669 2158 1864 2207 verbum
1901 2157 2039 2207 ἐστίν
2073 2157 2412 2218 desideramus,

115 2268 214 2315 quo
262 2252 439 2298 omisso
486 2249 735 2297 obscurior
779 2252 833 2298 fit
881 2251 1135 2298 verborum
1170 2251 1473 2297 constructio.
1544 2249 1643 2297 Sed
1679 2257 1917 2313 praeterea
1955 2256 2099 2296 restat
2133 2266 2231 2314 quo
2267 2249 2412 2295 offen-

115 2342 297 2390 damur.
367 2340 492 2401 Quis
528 2342 651 2388 enim
687 2339 811 2389 hunc
851 2343 898 2389 in
945 2340 1138 2389 modum
1184 2341 1515 2399 ratiocinatur,
1562 2348 1615 2388 ut.
1660 2338 1829 2387 malam
1876 2357 2041 2406 regum
2086 2337 2410 2397 condicionem

114 2451 303 2482 causam
341 2450 446 2479 esse
479 2430 621 2489 dicat,
657 2450 741 2479 cur
775 2432 1113 2498 progrediatur
1148 2430 1333 2479 oratio?
1379 2430 1528 2479 Deest
1547 2429 1675 2478 haud
1709 2429 1854 2478 dubie
1888 2427 2082 2478 verbum
2118 2428 2191 2476 vel
2227 2426 2412 2477 dicendi

113 2524 187 2573 vel
222 2521 481 2580 sentiendi,
519 2540 616 2587 quo
654 2522 899 2588 expleatur
933 2523 1125 2573 lacuna,
1160 2521 1308 2569 velut:
1357 2515 1490 2570 ὅπου
1524 2523 1579 2570 δὲ
1615 2516 1682 2570 τὰ
1716 2517 1922 2570 τούτων
1958 2514 2166 2584 πονηρὰ
2199 2518 2413 2584 [ἱκανῶς

111 2610 519 2679 ἐσκοπούμεθα],
554 2614 866 2675 λογίᾶεσὲαι
901 2610 1096 2679 καιρός,
1134 2610 1218 2663 οἷα
1253 2607 1321 2662 τὰ
1357 2614 1466 2663 τῶν
1500 2613 1727 2662 ἰδιωτῶν
1750 2607 1821 2662 ἂν
1845 2611 1939 2675 εἴη.
1989 2610 2103 2658 «Iam
2125 2618 2250 2658 recte
2269 2617 2412 2676 atque

116 2724 173 2755 ex
210 2703 553 2755 consuetudine
584 2705 817 2752 sermonis
854 2704 1026 2753 Graeci
1062 2705 1219 2752 omnia
1255 2702 1533 2768 procedunt.

284 2796 538 2844 Mus‘cae
572 2813 640 2843 en
657 2812 696 2842 c.
735 2812 836 2860 cap.
876 2796 951 2842 12.
987 2795 1132 2861 vulgo
1167 2795 1362 2861 legitur:
1416 2786 1698 2856 α’μφότερα
1732 2794 1819 2839 καὶ
1854 2786 1922 2841 τὰ
1955 2792 2190 2853 θηλειῶν
2224 2793 2310 2838 καὶ
2344 2786 2411 2839 τοὶ

111 2881 355 2953 α’ρρένων
400 2889 565 2951 δρῶσι
614 2886 747 2948 (scil.
783 2887 840 2935 αὶ
867 2890 1047 2949 μυῖαι)
1093 2887 1364 2947 βαίνοντες
1411 2885 1466 2933 ἐν
1499 2886 1577 2948 τῷ
1609 2882 1753 2946 μέρει
1797 2876 1936 2930 κατὰ
1968 2876 2063 2931 τὸν
2097 2876 2291 2945 Ἑρμοῦ
2325 2885 2412 2931 καὶ

109 2971 412 3044 Ἀφροδίτης
448 2982 627 3027 παῖδα.
699 2976 900 3026 Collatis
947 2976 1063 3025 locis
1109 2977 1309 3043 geminis
1354 2976 1580 3024 Piscat.
1617 2991 1719 3039 cap.
1755 2974 1802 3020 8.
1852 2968 2093 3022 διδόντας
2127 2968 2290 3034 λόγον
2325 2975 2412 3022 καὶ

113 3070 419 3141 δεχομένους
455 3069 510 3117 ἐν
545 3072 622 3134 τῷ
653 3068 798 3132 μέρει
844 3076 890 3115 ct
924 3069 1012 3115 De
1045 3067 1244 3115 saltat.
1281 3084 1383 3131 cap.
1422 3068 1500 3113 10.
1536 3066 1816 3113 παίσαντες
1859 3092 1927 3099 -
1970 3066 2056 3112 καὶ
2104 3063 2412 3113 παισθέντες

111 3160 167 3209 ἐν
202 3163 280 3225 τῷ
310 3160 483 3225 μέρει,
534 3160 730 3208 alterum
776 3160 1078 3225 participium
1123 3160 1258 3205 etiam
1294 3157 1388 3204 hoc
1421 3156 1528 3204 loco
1564 3157 1739 3222 requiri
1774 3155 1999 3202 videmus.
2069 3156 2320 3202 Praeterea
2361 3156 2410 3200 in
