2546 3387
1217 132 1280 181 ¹9

105 271 294 338 513⁸)
339 270 507 320 Adde
537 271 669 338 quod
702 270 784 320 Α8
813 271 918 321 (1θῖ
943 272 1204 339 peculiares
1237 282 1502 323 monstrant
1534 275 1919 339 interpolationes
1940 294 2050 325 non
2085 291 2289 341 paucas,
2334 274 2384 325 id

105 362 238 431 quod
267 362 414 428 cupa
428 361 796 427 ‘speciminibus
813 362 936 412 datis
967 362 1215 425 iflustrnvi,
1242 383 1396 431 neque
1420 362 1678 425 dubitabis,
1706 367 1820 431 quin
1849 351 2147 416 influo-loeo
2176 364 2384 415 habundi

104 456 213 515 sint,
247 453 428 502 etiamsi
455 436 622 519 (quod
656 461 702 501 et
734 455 891 519 ipsum
914 455 972 502 vin
1007 453 1385 523 Guelferbytano
1419 455 1461 502 F
1497 454 1718 520 ostendi)
1754 474 1858 503 cum
1902 458 2093 521 optimis
2139 454 2384 505 codicibus

103 546 373 605 concinunt,
407 542 491 593 ubi
527 546 583 594 Ω
615 542 674 592 Μ
706 562 734 592 a
769 542 1030 594 dissonant.

104 633 1197 700 charum-mg».{iz-nmonm‘kvoenmcz
1289 633 1634 701 ποιησάμενος
1671 640 1725 683 Ω
1760 636 1830 683 Μ.

101 725 216 775 ibid.
251 743 353 791 cap.
387 725 482 773 24.
508 718 727 788 ὀνόματι
760 725 807 772 Β
828 723 913 773 A‘
938 724 1028 773 (2².
1289 725 1468 789 αἵματί
1506 730 1561 774 ,Ω
1594 726 1666 774 Μ.

103 818 193 868 Ph
204 817 345 865 alar.
362 816 432 877 11,
448 819 495 865 2.
514 812 855 881 δημιουργούς
872 833 965 865 om.
982 816 1028 863 B
1045 814 1126 864 ΑΞ
1138 817 1195 865 F.

103 908 319 957 Bacch.
354 925 456 972 cap.
490 910 537 955 5.
573 903 834 956 Διόνυσον
867 905 1013 954 B'A2
1037 907 1094 953 F.

274 999 438 1063 Atque
471 999 587 1046 hacc
620 1016 695 1045 res
731 1015 869 1044 causa
906 1005 976 1044 est
1009 998 1279 1062 praecipua,
1304 1017 1387 1046 eur
1413 997 1463 1046 Α
1497 1008 1541 1047 et
1569 998 1612 1047 C
1635 997 1848 1046 codicum
1884 997 2139 1047 bonitatem
2169 998 2241 1047 vel
2275 1019 2382 1064 pra-

1289 813 1631 881 δημιουργοῦς
1665 826 1822 865 servat
1855 839 1899 869 v.

1288 904 1449 969 λόγον
1484 908 1540 955 Μ
1574 927 1616 955 a.

102 1092 290 1139 vitatem
335 1088 514 1155 ubique
555 1107 645 1155 pro
681 1095 811 1136 certo
846 1083 1111 1136 discernere
1144 1106 1239 1136 non
1284 1090 1547 1153 possimus3
1602 1089 1710 1138 licet
1756 1091 1877 1137 enim
1923 1088 2187 1155 discrepent
2229 1088 2290 1138 ab
2328 1092 2383 1139 Ω

104 1183 162 1232 Μ
196 1200 240 1240 a,
276 1178 391 1247 qui‘n
427 1182 564 1228 etiam
600 1198 625 1228 a
655 1178 1049 1246 Guelferbytano,
1085 1181 1263 1245 quippe
1289 1180 1369 1245 qui
1396 1179 1582 1229 aliunde
1611 1179 1927 1229 additamenta
1953 1183 2199 1246 acceperit,
2227 1189 2381 1231 tanai

104 1272 251 1322 nihilo
286 1273 437 1321 secius
472 1269 785 1319 deterioribus
822 1268 1065 1318 codicibus
1099 1287 1438 1337 nonnunquam
1473 1270 1768 1320 adscribendi
1803 1279 1926 1321 sunt.
1980 1271 2163 1338 ltaque,
2197 1280 2250 1321 ut
2284 1289 2380 1321 cer-

101 1373 201 1415 tum
237 1364 393 1412 facere
418 1360 650 1428 judicium
687 1379 939 1429 queamuS,
984 1359 1066 1410 tali
1102 1379 1223 1427 opus
1258 1346 1360 1410 esse
1393 1369 1591 1428 apparet
1625 1361 1811 1427 codice,
1859 1363 1942 1429 qui
1989 1361 2116 1410 haud
2158 1362 2381 1431 ambigue

105 1475 161 1506 ex
198 1461 234 1521 β
266 1444 400 1503 fonte
431 1461 560 1501 totus
595 1456 657 1502 sit
690 1452 929 1502 derivatus
964 1453 1042 1516 (B
1079 1451 1128 1502 Ο
1172 1454 1270 1517 Ψ).
1340 1452 1481 1502 Unde
1514 1453 1755 1517 profectus
1790 1471 1895 1501 cum
1932 1455 1980 1501 in
2016 1450 2280 1503 Gorliceusi
2314 1463 2381 1504 at·

102 1565 196 1615 que
228 1547 450 1594 Parisino
475 1543 516 1592 C
551 1541 662 1591 inde
690 1562 715 1591 a
739 1538 1015 1602 Somnio,
1045 1543 1176 1609 quod
1207 1541 1363 1591 locum
1395 1541 1808 1609 quadragesimum
1839 1552 2058 1592 octavum
2091 1544 2379 1610 obtinet,¹⁷)

101 1655 254 1705 usque
286 1636 346 1684 ad
380 1636 520 1684 finem
554 1634 954 1702 Dialogorum
990 1633 1233 1682 deorum
1269 1634 1388 1699 (67)
1425 1633 1596 1681 multos
1631 1632 1816 1682 libellos
1844 1636 2023 1700 optime
2049 1632 2249 1683 traditos
2277 1653 2380 1684 esse

104 1729 428 1797 cog-noverim:
475 1725 812 1785 Somnium,
858 1726 1203 1783 Timonem,
1247 1724 1566 1773 Adversus
1614 1724 1958 1784 indoctum,
1992 1726 2204 1773 Jovem
2241 1744 2379 1773 cou-

42 1846 45 1850 ·
102 1821 393 1878 futatum,
458 1818 723 1865 Deorum
770 1815 1129 1878 concilium,
1185 1815 1460 1875 Gallum,
1506 1815 1615 1863 Bis
1665 1825 2052 1876 accusatum,
2105 1818 2378 1867 Vitarum

101 1913 466 1968 auctionem,
495 1908 834 1957 Rhetorum
870 1915 1363 1972 praeceptorem,
1390 1907 1638 1955 Muscae
1672 1909 2028 1967 encomium,
2058 1909 2145 1956 De
2172 1908 2378 1969 domo,

101 2002 466 2067 Fugitiv0s‚
527 1997 754 2046 Galum.
810 2016 926 2045 non
981 2005 1108 2045 tem.
1159 1997 1345 2056 cred.,
1383 1998 1660 2045 'Deorum
1707 1997 2027 2063 dialogos,
2071 2017 2166 2047 non
2210 1998 2377 2049 dubito

103 2095 216 2160 quin
252 2093 389 2140 etiam
424 2092 456 2137 ii
491 2088 652 2148 libelli,
689 2091 769 2154 qui
805 2088 878 2137 his
911 2089 1175 2153 interpositi
1212 2096 1345 2147 sunt,
1416 2087 1804 2147 convivium,
1853 2088 2171 2142 Vocallium
2208 2089 2379 2155 judi·

104 2186 287 2239 cium,
333 2178 922 2243 Pseudosophista‚
967 2178 1090 2228 Pro
1125 2179 1331 2243 Lapsu
1367 2180 1422 2225 in
1458 2178 1635 2226 salut.
1682 2180 1728 2225 in
1764 2178 1925 2227 cadem
1961 2181 2054 2227 sint
2089 2179 2377 2241 condicione,

105 2276 284 2341 quippe
317 2273 399 2338 qui
435 2269 550 2319 nihil
585 2268 812 2327 habeant,
860 2268 990 2336 quod
1026 2276 1190 2317 contra
1235 2267 1356 2317 hanc
1395 2270 1628 2334 opinincm
1665 2277 1853 2335 pugnet.
1922 2271 2063 2318 Hanc
2096 2272 2240 2337 igitur
2273 2289 2379 2337 par-

104 2375 197 2415 tem
234 2383 289 2412 ex
325 2362 481 2429 probo
517 2361 725 2428 quodam
763 2360 924 2409 codice
959 2359 1217 2408 desumtam
1253 2377 1356 2408 esse
1389 2368 1602 2407 constare
1635 2359 1834 2419 videtur,
1879 2360 2059 2426 reliqua
2094 2379 2223 2421 vero,
2259 2380 2381 2428 quae

103 2465 148 2506 et
182 2454 463 2505 antecedunt
497 2461 542 2501 et
575 2451 913 2511 subsecuntur,
963 2450 1241 2499 deteriorem
1289 2451 1517 2516 originem
1562 2459 1641 2498 aut
1686 2459 1846 2515 aperte
1888 2451 2098 2517 produnt
2140 2461 2220 2501 aut
2255 2463 2381 2504 certe

103 2547 332 2596 redolent.

271 2635 369 2685 Sed
417 2652 475 2683 ne
519 2642 617 2682 tum
654 2611 869 2698 quidem,
928 2650 1032 2680 cum
1079 2634 1333 2697 praestanti
1388 2632 1545 2697 aliquo
1592 2631 1751 2679 codice
1796 2635 1929 2698 quasi
1976 2634 2146 2681 comite
2188 2637 2380 2697 utimur,

101 2745 299 2793 prorsus
343 2734 520 2775 certum
566 2733 661 2783 est,
708 2723 848 2789 quale
881 2726 942 2772 sit
975 2723 1143 2772 horum
1181 2722 1393 2772 codicum
1428 2721 1505 2786 (Α
1538 2721 1615 2787 C)
1650 2724 1863 2788 pretium.
1931 2724 2054 2772 Nam
2090 2727 2131 2773 si
2166 2724 2384 2777 Guelfer-

101 2817 307 2885 bytanus
357 2814 590 2883 ejusmodi
639 2822 736 2874 est,
780 2822 835 2862 ut
877 2813 937 2862 ad
978 2814 1248 2862 Pal-isinum
1281 2813 1340 2861 M
1372 2814 1585 2878 proxime
1618 2812 1824 2874 accedat,
1860 2833 1916 2863 ex
1950 2816 2034 2875 iis,
2086 2834 2207 2882 quae
2239 2836 2384 2884 supra

100 2910 433 2974 exposuimus,
481 2914 703 2971 apparet,
738 2904 819 2954 Α2
858 2903 941 2954 C2
979 2922 1314 2970 saepenumero
1348 2904 1553 2952 fortasse
1587 2921 1613 2951 a
1648 2904 1690 2952 F
1724 2903 1781 2952 Μ
1816 2904 2077 2967 dissentire,
2122 2924 2228 2956 cum
2262 2911 2385 2975 opti·

250 3073 299 3117 ¹⁸)
326 3071 416 3107 Vide
454 3069 790 3106 Sommerbrodtium
830 3070 961 3114 (Lectt.
991 3069 1091 3103 codd.
1121 3069 1369 3103 Marcianos-um
1408 3078 1484 3113 pag.
1526 3067 1644 3110 vno:
1686 3068 1806 3110 „Hunc
1846 3069 2005 3104 codicem
2033 3068 2137 3114 (Ω),
2175 3073 2206 3105 in
2246 3076 2384 3117 optimis

98 3132 366 3167 numen-amdam
392 3142 484 3174 esso,
511 3131 569 3164 vel
597 3141 640 3164 eo
669 3130 918 3175 comprobatur
943 3128 1034 3175 quod
1061 3130 1217 3173 proxime
1244 3127 1342 3161 abest
1369 3138 1387 3160 a
1415 3127 1606 3161 Gorlicensi
1635 3129 1696 3161 A.“

249 3193 299 3234 ιΊ)
328 3191 428 3226 Conf.
456 3191 629 3225 Jacobitzi
657 3191 769 3235 praef.
799 3202 879 3235 pag.
907 3190 947 3224 X.
