<?xml version="1.0" encoding="UTF-8"?>
<!DOCTYPE html PUBLIC "-//W3C//DTD XHTML 1.0 Transitional//EN"
    "http://www.w3.org/TR/xhtml1/DTD/xhtml1-transitional.dtd">
<html xmlns="http://www.w3.org/1999/xhtml" xml:lang="en" lang="en">
 <head>
  <title>
</title>
<meta http-equiv="Content-Type" content="text/html;charset=utf-8" />
  <meta name='ocr-system' content='tesseract 3.04.00' />
  <meta name='ocr-capabilities' content='ocr_page ocr_carea ocr_par ocr_line ocrx_word'/>
</head>
<body>
  <div class='ocr_page' id='page_1' title='image "4766846_0026.png"; bbox 0 0 2546 3387; ppageno 0'>
   <div class='ocr_carea' id='block_1_1' title="bbox 1228 129 1289 177">
    <p class='ocr_par' dir='ltr' id='par_1_1' title="bbox 1228 129 1289 177">
     <span class='ocr_line' id='line_1_1' title="bbox 1228 129 1289 177; baseline 0 0"><span class='ocrx_word' id='word_1_1' title='bbox 1228 129 1289 177; x_wconf 79' lang='lat'><strong>18</strong></span> 
     </span>
    </p>
   </div>
   <div class='ocr_carea' id='block_1_2' title="bbox 113 246 1219 500">
    <p class='ocr_par' dir='ltr' id='par_1_2' title="bbox 113 246 1219 500">
     <span class='ocr_line' id='line_1_2' title="bbox 113 246 829 330; baseline -0.001 -11"><span class='ocrx_word' id='word_1_2' title='bbox 113 246 229 320; x_wconf 58' lang='lat' dir='ltr'><strong>mid.</strong></span> <span class='ocrx_word' id='word_1_3' title='bbox 269 273 348 330; x_wconf 84' lang='lat'><strong>15,</strong></span> <span class='ocrx_word' id='word_1_4' title='bbox 381 273 437 318; x_wconf 78' lang='lat' dir='ltr'><strong>a.-</strong></span> <span class='ocrx_word' id='word_1_5' title='bbox 464 272 592 319; x_wconf 70' lang='grc' dir='ltr'><strong><em>ιδεῐν</em></strong></span> <span class='ocrx_word' id='word_1_6' title='bbox 626 271 671 318; x_wconf 83' lang='grc' dir='ltr'><strong>Β</strong></span> <span class='ocrx_word' id='word_1_7' title='bbox 708 279 754 318; x_wconf 73' lang='lat' dir='ltr'><strong>et</strong></span> <span class='ocrx_word' id='word_1_8' title='bbox 787 290 829 318; x_wconf 77' lang='lat' dir='ltr'><strong>v.</strong></span> 
     </span>
     <span class='ocr_line' id='line_1_3' title="bbox 115 355 1219 424; baseline 0 -14"><span class='ocrx_word' id='word_1_9' title='bbox 115 362 271 415; x_wconf 82' lang='lat' dir='ltr'><strong>Dial.</strong></span> <span class='ocrx_word' id='word_1_10' title='bbox 308 369 474 411; x_wconf 90' lang='lat' dir='ltr'><strong>mort.</strong></span> <span class='ocrx_word' id='word_1_11' title='bbox 513 362 594 419; x_wconf 86' lang='lat'><strong>18,</strong></span> <span class='ocrx_word' id='word_1_12' title='bbox 631 364 676 408; x_wconf 93' lang='lat'><strong>1.</strong></span> <span class='ocrx_word' id='word_1_13' title='bbox 724 355 880 424; x_wconf 78' lang='grc' dir='ltr'><em>ὅμοια</em></span> <span class='ocrx_word' id='word_1_14' title='bbox 913 362 957 408; x_wconf 89' lang='grc' dir='ltr'><strong>Β</strong></span> <span class='ocrx_word' id='word_1_15' title='bbox 994 361 1042 410; x_wconf 89' lang='grc' dir='ltr'><strong>Ο</strong></span> <span class='ocrx_word' id='word_1_16' title='bbox 1081 365 1134 410; x_wconf 82' lang='grc' dir='ltr'><em>Ψ</em></span> <span class='ocrx_word' id='word_1_17' title='bbox 1164 364 1219 410; x_wconf 83' lang='grc' dir='ltr'><em>Ω</em></span> 
     </span>
     <span class='ocr_line' id='line_1_4' title="bbox 251 461 374 500; baseline -0.016 0"><span class='ocrx_word' id='word_1_18' title='bbox 251 461 298 500; x_wconf 89' lang='lat' dir='ltr'><strong>et</strong></span> <span class='ocrx_word' id='word_1_19' title='bbox 333 470 374 499; x_wconf 87' lang='lat' dir='ltr'><strong>v.</strong></span> 
     </span>
    </p>
   </div>
   <div class='ocr_carea' id='block_1_3' title="bbox 1312 263 2422 424">
    <p class='ocr_par' dir='ltr' id='par_1_3' title="bbox 1312 263 2422 424">
     <span class='ocr_line' id='line_1_5' title="bbox 1312 263 2422 337; baseline 0.003 -17"><span class='ocrx_word' id='word_1_20' title='bbox 1312 263 1556 335; x_wconf 63' lang='grc' dir='ltr'><strong>ὀφθῆναι</strong></span> <span class='ocrx_word' id='word_1_21' title='bbox 1590 268 1663 318; x_wconf 73' lang='lat' dir='ltr'><strong>C²</strong></span> <span class='ocrx_word' id='word_1_22' title='bbox 1689 271 1733 319; x_wconf 81' lang='lat' dir='ltr'><strong>F</strong></span> <span class='ocrx_word' id='word_1_23' title='bbox 1768 272 1839 333; x_wconf 83' lang='lat' dir='ltr'><strong>(in</strong></span> <span class='ocrx_word' id='word_1_24' title='bbox 1858 269 1942 320; x_wconf 56' lang='grc' dir='ltr'><strong>Α*</strong></span> <span class='ocrx_word' id='word_1_25' title='bbox 1977 271 2059 321; x_wconf 64' lang='lat' dir='ltr'><strong>Hc</strong></span> <span class='ocrx_word' id='word_1_26' title='bbox 2089 270 2200 320; x_wconf 77' lang='lat' dir='ltr'><strong>dial.</strong></span> <span class='ocrx_word' id='word_1_27' title='bbox 2236 272 2422 337; x_wconf 64' lang='lat' dir='ltr'><strong>periit).</strong></span> 
     </span>
     <span class='ocr_line' id='line_1_6' title="bbox 1312 354 2364 424; baseline -0.003 -14"><span class='ocrx_word' id='word_1_28' title='bbox 1312 364 1400 410; x_wconf 77' lang='grc' dir='ltr'><strong>καὶ</strong></span> <span class='ocrx_word' id='word_1_29' title='bbox 1436 354 1591 424; x_wconf 79' lang='grc' dir='ltr'><em>ὅμοια</em></span> <span class='ocrx_word' id='word_1_30' title='bbox 1624 359 1705 409; x_wconf 60' lang='grc' dir='ltr'><strong>Αεἰ</strong></span> <span class='ocrx_word' id='word_1_31' title='bbox 1741 361 1784 408; x_wconf 84' lang='lat' dir='ltr'><strong>F</strong></span> <span class='ocrx_word' id='word_1_32' title='bbox 1818 369 1865 409; x_wconf 79' lang='lat' dir='ltr'><strong>et</strong></span> <span class='ocrx_word' id='word_1_33' title='bbox 1890 362 2011 415; x_wconf 63' lang='lat' dir='ltr'><strong>&gt;sinc-</strong></span> <span class='ocrx_word' id='word_1_34' title='bbox 2033 360 2148 411; x_wconf 73' lang='lat' dir='ltr'><strong>dub.</strong></span> <span class='ocrx_word' id='word_1_35' title='bbox 2183 359 2292 412; x_wconf 68' lang='lat' dir='ltr'><strong>C2..</strong></span> <span class='ocrx_word' id='word_1_36' title='bbox 2359 404 2364 407; x_wconf 90' lang='lat'><strong>.</strong></span> 
     </span>
    </p>
   </div>
   <div class='ocr_carea' id='block_1_4' title="bbox 1262 269 1270 435">
    <p class='ocr_par' dir='ltr' id='par_1_4' title="bbox 1262 269 1270 435">
     <span class='ocr_line' id='line_1_7' title="bbox 1262 269 1270 435; baseline 0 2952"><span class='ocrx_word' id='word_1_37' title='bbox 1262 269 1270 435; x_wconf 95' lang='lat' dir='ltr'><strong> </strong></span> 
     </span>
    </p>
   </div>
   <div class='ocr_carea' id='block_1_5' title="bbox 1319 538 2194 594">
    <p class='ocr_par' dir='ltr' id='par_1_5' title="bbox 1319 538 2194 594">
     <span class='ocr_line' id='line_1_8' title="bbox 1319 538 2194 594; baseline 0.003 -3"><span class='ocrx_word' id='word_1_38' title='bbox 1319 538 1525 593; x_wconf 77' lang='grc' dir='ltr'><em>τούτων</em></span> <span class='ocrx_word' id='word_1_39' title='bbox 1559 540 1639 591; x_wconf 56' lang='grc' dir='ltr'><strong>Α,</strong></span> <span class='ocrx_word' id='word_1_40' title='bbox 1663 542 1706 591; x_wconf 82' lang='lat' dir='ltr'><strong>F</strong></span> <span class='ocrx_word' id='word_1_41' title='bbox 1741 549 1788 590; x_wconf 86' lang='lat' dir='ltr'><strong>et</strong></span> <span class='ocrx_word' id='word_1_42' title='bbox 1820 543 1922 592; x_wconf 77' lang='lat' dir='ltr'><strong>sinc</strong></span> <span class='ocrx_word' id='word_1_43' title='bbox 1954 541 2068 591; x_wconf 82' lang='lat' dir='ltr'><strong>dub.</strong></span> <span class='ocrx_word' id='word_1_44' title='bbox 2103 541 2194 594; x_wconf 70' lang='lat'><strong>(3².</strong></span> 
     </span>
    </p>
   </div>
   <div class='ocr_carea' id='block_1_6' title="bbox 1267 437 1271 639">
    <p class='ocr_par' dir='ltr' id='par_1_6' title="bbox 1267 437 1271 639">
     <span class='ocr_line' id='line_1_9' title="bbox 1267 437 1271 639; baseline 0 0"><span class='ocrx_word' id='word_1_45' title='bbox 1267 437 1271 639; x_wconf 95' lang='lat' dir='ltr'><strong> </strong></span> 
     </span>
    </p>
   </div>
   <div class='ocr_carea' id='block_1_7' title="bbox 117 542 2377 793">
    <p class='ocr_par' dir='ltr' id='par_1_7' title="bbox 117 542 2377 793">
     <span class='ocr_line' id='line_1_10' title="bbox 117 542 1222 603; baseline -0.001 -10"><span class='ocrx_word' id='word_1_46' title='bbox 117 543 233 593; x_wconf 84' lang='lat' dir='ltr'>ibid.</span> <span class='ocrx_word' id='word_1_47' title='bbox 252 545 335 603; x_wconf 87' lang='lat'><strong>21,</strong></span> <span class='ocrx_word' id='word_1_48' title='bbox 353 544 401 593; x_wconf 90' lang='grc'><strong>2.</strong></span> <span class='ocrx_word' id='word_1_49' title='bbox 423 545 534 591; x_wconf 79' lang='grc' dir='ltr'><strong>τῶν</strong></span> <span class='ocrx_word' id='word_1_50' title='bbox 553 543 867 593; x_wconf 77' lang='grc' dir='ltr'><strong>τοιοῦτωνΒ</strong></span> <span class='ocrx_word' id='word_1_51' title='bbox 891 542 939 592; x_wconf 86' lang='grc'><strong>0</strong></span> <span class='ocrx_word' id='word_1_52' title='bbox 962 546 1015 591; x_wconf 82' lang='grc' dir='ltr'><em>Ψ</em></span> <span class='ocrx_word' id='word_1_53' title='bbox 1034 546 1089 592; x_wconf 83' lang='grc' dir='ltr'><em>Ω</em></span> <span class='ocrx_word' id='word_1_54' title='bbox 1112 552 1157 592; x_wconf 83' lang='lat' dir='ltr'><strong>et</strong></span> <span class='ocrx_word' id='word_1_55' title='bbox 1178 562 1222 592; x_wconf 86' lang='lat' dir='ltr'><strong>v.</strong></span> 
     </span>
     <span class='ocr_line' id='line_1_11' title="bbox 119 631 2377 697; baseline 0 -15"><span class='ocrx_word' id='word_1_56' title='bbox 119 634 235 682; x_wconf 83' lang='lat' dir='ltr'><strong>ibid.</strong></span> <span class='ocrx_word' id='word_1_57' title='bbox 270 635 354 693; x_wconf 92' lang='lat'><strong>22,</strong></span> <span class='ocrx_word' id='word_1_58' title='bbox 390 634 438 679; x_wconf 92' lang='grc'><strong>2.</strong></span> <span class='ocrx_word' id='word_1_59' title='bbox 475 633 708 695; x_wconf 56' lang='lat' dir='ltr'><strong>›copi-3811!</strong></span> <span class='ocrx_word' id='word_1_60' title='bbox 743 634 787 680; x_wconf 91' lang='grc' dir='ltr'><strong>Β</strong></span> <span class='ocrx_word' id='word_1_61' title='bbox 825 633 873 681; x_wconf 87' lang='lat' dir='ltr'>O</span> <span class='ocrx_word' id='word_1_62' title='bbox 913 635 968 681; x_wconf 85' lang='grc' dir='ltr'><em>Ω</em></span> <span class='ocrx_word' id='word_1_63' title='bbox 1003 642 1049 681; x_wconf 86' lang='lat' dir='ltr'><strong>et</strong></span> <span class='ocrx_word' id='word_1_64' title='bbox 1083 653 1126 679; x_wconf 88' lang='lat' dir='ltr'><strong>v.</strong></span> <span class='ocrx_word' id='word_1_65' title='bbox 1268 644 1271 697; x_wconf 42' lang='grc' dir='ltr'>ξ</span> <span class='ocrx_word' id='word_1_66' title='bbox 1317 634 1628 695; x_wconf 64' lang='grc' dir='ltr'><strong><em>κομίξεσθαι</em></strong></span> <span class='ocrx_word' id='word_1_67' title='bbox 1662 631 1743 680; x_wconf 57' lang='grc' dir='ltr'><strong>Α,</strong></span> <span class='ocrx_word' id='word_1_68' title='bbox 1769 633 1811 680; x_wconf 79' lang='lat' dir='ltr'><strong>F</strong></span> <span class='ocrx_word' id='word_1_69' title='bbox 1846 640 1892 679; x_wconf 92' lang='lat' dir='ltr'><strong>et</strong></span> <span class='ocrx_word' id='word_1_70' title='bbox 1924 634 2028 680; x_wconf 86' lang='lat' dir='ltr'><strong>sine</strong></span> <span class='ocrx_word' id='word_1_71' title='bbox 2061 631 2174 681; x_wconf 89' lang='lat' dir='ltr'><strong>dub.</strong></span> <span class='ocrx_word' id='word_1_72' title='bbox 2210 633 2300 682; x_wconf 57' lang='grc' dir='ltr'>Οἳ.</span> <span class='ocrx_word' id='word_1_73' title='bbox 2374 685 2377 687; x_wconf 17' lang='grc' dir='ltr'><strong>Α</strong></span> 
     </span>
     <span class='ocr_line' id='line_1_12' title="bbox 117 698 1804 793; baseline 0 -20"><span class='ocrx_word' id='word_1_74' title='bbox 117 724 381 790; x_wconf 85' lang='lat' dir='ltr'><strong>Menipp.</strong></span> <span class='ocrx_word' id='word_1_75' title='bbox 418 741 521 789; x_wconf 89' lang='lat' dir='ltr'><strong>cap.</strong></span> <span class='ocrx_word' id='word_1_76' title='bbox 556 726 603 772; x_wconf 76' lang='lat'><strong>4.</strong></span> <span class='ocrx_word' id='word_1_77' title='bbox 663 727 740 788; x_wconf 76' lang='grc' dir='ltr'><strong>τῷ</strong></span> <span class='ocrx_word' id='word_1_78' title='bbox 774 720 975 787; x_wconf 63' lang='grc' dir='ltr'><em>θερμὸν</em></span> <span class='ocrx_word' id='word_1_79' title='bbox 1011 725 1054 771; x_wconf 89' lang='grc' dir='ltr'>Β</span> <span class='ocrx_word' id='word_1_80' title='bbox 1092 724 1140 772; x_wconf 90' lang='grc' dir='ltr'>Ο</span> <span class='ocrx_word' id='word_1_81' title='bbox 1177 723 1224 772; x_wconf 90' lang='lat' dir='ltr'><strong>G</strong></span> <span class='ocrx_word' id='word_1_82' title='bbox 1268 698 1271 793; x_wconf 48' lang='grc' dir='ltr'>ἶ</span> <span class='ocrx_word' id='word_1_83' title='bbox 1316 720 1377 773; x_wconf 83' lang='grc' dir='ltr'><strong>τὸ</strong></span> <span class='ocrx_word' id='word_1_84' title='bbox 1411 718 1613 788; x_wconf 65' lang='grc' dir='ltr'><em>,θερμὸν</em></span> <span class='ocrx_word' id='word_1_85' title='bbox 1648 722 1720 771; x_wconf 77' lang='lat' dir='ltr'><strong>C²</strong></span> <span class='ocrx_word' id='word_1_86' title='bbox 1743 723 1804 773; x_wconf 86' lang='lat' dir='ltr'><strong>L.</strong></span> 
     </span>
    </p>
   </div>
   <div class='ocr_carea' id='block_1_8' title="bbox 114 817 2420 3059">
    <p class='ocr_par' dir='ltr' id='par_1_8' title="bbox 120 817 1819 970">
     <span class='ocr_line' id='line_1_13' title="bbox 256 817 535 862; baseline -0.007 0"><span class='ocrx_word' id='word_1_87' title='bbox 256 819 295 862; x_wconf 89' lang='grc' dir='ltr'><em>Φ</em></span> <span class='ocrx_word' id='word_1_88' title='bbox 323 817 379 862; x_wconf 85' lang='grc' dir='ltr'><em>Ω</em></span> <span class='ocrx_word' id='word_1_89' title='bbox 414 823 459 862; x_wconf 85' lang='lat' dir='ltr'><strong>ct</strong></span> <span class='ocrx_word' id='word_1_90' title='bbox 494 834 535 861; x_wconf 79' lang='lat' dir='ltr'><strong>v,</strong></span> 
     </span>
     <span class='ocr_line' id='line_1_14' title="bbox 120 902 1819 970; baseline 0.001 -19"><span class='ocrx_word' id='word_1_91' title='bbox 120 905 379 954; x_wconf 80' lang='lat' dir='ltr'><strong>Charon.</strong></span> <span class='ocrx_word' id='word_1_92' title='bbox 416 924 519 970; x_wconf 87' lang='lat' dir='ltr'><strong>cap.</strong></span> <span class='ocrx_word' id='word_1_93' title='bbox 557 908 633 952; x_wconf 84' lang='lat'><strong>15.</strong></span> <span class='ocrx_word' id='word_1_94' title='bbox 671 907 903 964; x_wconf 79' lang='grc' dir='ltr'><em>οἴχονται</em></span> <span class='ocrx_word' id='word_1_95' title='bbox 938 905 983 950; x_wconf 89' lang='grc' dir='ltr'><strong>Β</strong></span> <span class='ocrx_word' id='word_1_96' title='bbox 1010 908 1063 951; x_wconf 86' lang='grc' dir='ltr'><em>Ω</em></span> <span class='ocrx_word' id='word_1_97' title='bbox 1101 914 1146 951; x_wconf 90' lang='lat' dir='ltr'><strong>et</strong></span> <span class='ocrx_word' id='word_1_98' title='bbox 1181 924 1223 951; x_wconf 79' lang='lat' dir='ltr'><strong>v,</strong></span> <span class='ocrx_word' id='word_1_99' title='bbox 1269 914 1272 966; x_wconf 40' lang='lat' dir='ltr'>Q</span> <span class='ocrx_word' id='word_1_100' title='bbox 1320 902 1523 969; x_wconf 75' lang='grc' dir='ltr'><em>ᾤχοντο</em></span> <span class='ocrx_word' id='word_1_101' title='bbox 1558 906 1638 954; x_wconf 55' lang='grc' dir='ltr'><strong>Αἵ</strong></span> <span class='ocrx_word' id='word_1_102' title='bbox 1663 905 1735 954; x_wconf 80' lang='lat' dir='ltr'><strong>C²</strong></span> <span class='ocrx_word' id='word_1_103' title='bbox 1760 906 1819 953; x_wconf 90' lang='lat' dir='ltr'><strong>L.</strong></span> 
     </span>
    </p>

    <p class='ocr_par' dir='ltr' id='par_1_9' title="bbox 114 993 2417 1863">
     <span class='ocr_line' id='line_1_15' title="bbox 290 993 2413 1063; baseline -0 -20"><span class='ocrx_word' id='word_1_104' title='bbox 290 997 382 1043; x_wconf 84' lang='lat' dir='ltr'><strong>His</strong></span> <span class='ocrx_word' id='word_1_105' title='bbox 418 996 658 1059; x_wconf 85' lang='lat' dir='ltr'><strong>exemplis,</strong></span> <span class='ocrx_word' id='word_1_106' title='bbox 695 1013 897 1059; x_wconf 89' lang='lat' dir='ltr'><strong>quorum</strong></span> <span class='ocrx_word' id='word_1_107' title='bbox 934 1014 1179 1043; x_wconf 89' lang='lat' dir='ltr'><strong>numerum</strong></span> <span class='ocrx_word' id='word_1_108' title='bbox 1215 997 1354 1044; x_wconf 81' lang='lat' dir='ltr'><strong>facile</strong></span> <span class='ocrx_word' id='word_1_109' title='bbox 1388 1015 1562 1063; x_wconf 67' lang='lat' dir='ltr'><strong>augere</strong></span> <span class='ocrx_word' id='word_1_110' title='bbox 1597 999 1790 1062; x_wconf 76' lang='lat' dir='ltr'><strong>poteriS,</strong></span> <span class='ocrx_word' id='word_1_111' title='bbox 1825 995 2022 1043; x_wconf 87' lang='lat' dir='ltr'><strong>alterum</strong></span> <span class='ocrx_word' id='word_1_112' title='bbox 2057 993 2240 1043; x_wconf 84' lang='lat' dir='ltr'><strong>accedit</strong></span> <span class='ocrx_word' id='word_1_113' title='bbox 2274 1012 2413 1060; x_wconf 73' lang='lat' dir='ltr'><strong>argu-</strong></span> 
     </span>
     <span class='ocr_line' id='line_1_16' title="bbox 119 1084 2414 1153; baseline -0 -18"><span class='ocrx_word' id='word_1_114' title='bbox 119 1095 343 1135; x_wconf 84' lang='lat' dir='ltr'><strong>mentum.</strong></span> <span class='ocrx_word' id='word_1_115' title='bbox 411 1087 599 1135; x_wconf 82' lang='lat' dir='ltr'><strong>Etenim</strong></span> <span class='ocrx_word' id='word_1_116' title='bbox 635 1085 686 1133; x_wconf 83' lang='lat' dir='ltr'><strong>A</strong></span> <span class='ocrx_word' id='word_1_117' title='bbox 721 1095 766 1134; x_wconf 86' lang='lat' dir='ltr'><strong>et</strong></span> <span class='ocrx_word' id='word_1_118' title='bbox 811 1088 912 1134; x_wconf 86' lang='lat' dir='ltr'><strong>sine</strong></span> <span class='ocrx_word' id='word_1_119' title='bbox 956 1084 1103 1135; x_wconf 93' lang='lat' dir='ltr'><strong>dubio</strong></span> <span class='ocrx_word' id='word_1_120' title='bbox 1151 1088 1288 1135; x_wconf 88' lang='lat' dir='ltr'><strong>etiam</strong></span> <span class='ocrx_word' id='word_1_121' title='bbox 1327 1086 1367 1135; x_wconf 92' lang='lat' dir='ltr'>C</span> <span class='ocrx_word' id='word_1_122' title='bbox 1411 1087 1801 1136; x_wconf 87' lang='lat' dir='ltr'><strong>Mortuorum</strong></span> <span class='ocrx_word' id='word_1_123' title='bbox 1848 1085 2164 1153; x_wconf 80' lang='lat' dir='ltr'>dialogos,</span> <span class='ocrx_word' id='word_1_124' title='bbox 2210 1086 2414 1151; x_wconf 82' lang='lat' dir='ltr'><strong>exceptis</strong></span> 
     </span>
     <span class='ocr_line' id='line_1_17' title="bbox 119 1177 2414 1244; baseline -0 -19"><span class='ocrx_word' id='word_1_125' title='bbox 119 1180 328 1243; x_wconf 84' lang='lat' dir='ltr'><strong>quinque</strong></span> <span class='ocrx_word' id='word_1_126' title='bbox 364 1177 631 1242; x_wconf 78' lang='lat' dir='ltr'>prioribus,</span> <span class='ocrx_word' id='word_1_127' title='bbox 683 1179 729 1225; x_wconf 89' lang='lat' dir='ltr'><strong>in</strong></span> <span class='ocrx_word' id='word_1_128' title='bbox 766 1177 966 1243; x_wconf 86' lang='lat' dir='ltr'><strong>quibus,</strong></span> <span class='ocrx_word' id='word_1_129' title='bbox 1013 1187 1064 1226; x_wconf 93' lang='lat' dir='ltr'><strong>ut</strong></span> <span class='ocrx_word' id='word_1_130' title='bbox 1099 1197 1244 1243; x_wconf 84' lang='lat' dir='ltr'><strong>supra</strong></span> <span class='ocrx_word' id='word_1_131' title='bbox 1281 1180 1563 1237; x_wconf 90' lang='lat' dir='ltr'><strong>monuimus,</strong></span> <span class='ocrx_word' id='word_1_132' title='bbox 1598 1181 1805 1244; x_wconf 82' lang='lat' dir='ltr'><strong>optimos</strong></span> <span class='ocrx_word' id='word_1_133' title='bbox 1841 1177 2027 1227; x_wconf 85' lang='lat' dir='ltr'><strong>codices</strong></span> <span class='ocrx_word' id='word_1_134' title='bbox 2062 1184 2315 1236; x_wconf 80' lang='lat' dir='ltr'><strong>sectantur,</strong></span> <span class='ocrx_word' id='word_1_135' title='bbox 2349 1177 2414 1225; x_wconf 77' lang='lat' dir='ltr'><strong>ita</strong></span> 
     </span>
     <span class='ocr_line' id='line_1_18' title="bbox 119 1266 2413 1337; baseline 0 -22"><span class='ocrx_word' id='word_1_136' title='bbox 119 1266 366 1326; x_wconf 82' lang='lat' dir='ltr'><strong>exhibent,</strong></span> <span class='ocrx_word' id='word_1_137' title='bbox 414 1277 466 1316; x_wconf 93' lang='lat' dir='ltr'><strong>ut</strong></span> <span class='ocrx_word' id='word_1_138' title='bbox 513 1287 666 1334; x_wconf 88' lang='lat' dir='ltr'><strong>neque</strong></span> <span class='ocrx_word' id='word_1_139' title='bbox 711 1287 906 1317; x_wconf 90' lang='lat' dir='ltr'><strong>numero</strong></span> <span class='ocrx_word' id='word_1_140' title='bbox 952 1287 1106 1335; x_wconf 87' lang='lat' dir='ltr'><strong>neque</strong></span> <span class='ocrx_word' id='word_1_141' title='bbox 1140 1268 1307 1319; x_wconf 84' lang='lat' dir='ltr'><strong>ordine</strong></span> <span class='ocrx_word' id='word_1_142' title='bbox 1349 1290 1376 1317; x_wconf 85' lang='lat' dir='ltr'><strong>a</strong></span> <span class='ocrx_word' id='word_1_143' title='bbox 1425 1268 1803 1337; x_wconf 73' lang='lat' dir='ltr'><strong>Guelferbytano</strong></span> <span class='ocrx_word' id='word_1_144' title='bbox 1849 1268 2081 1318; x_wconf 79' lang='lat' dir='ltr'><strong>differant.</strong></span> <span class='ocrx_word' id='word_1_145' title='bbox 2174 1267 2413 1334; x_wconf 74' lang='lat' dir='ltr'><strong>Triginta,</strong></span> 
     </span>
     <span class='ocr_line' id='line_1_19' title="bbox 120 1357 2417 1428; baseline 0 -21"><span class='ocrx_word' id='word_1_146' title='bbox 120 1361 201 1425; x_wconf 91' lang='lat' dir='ltr'><strong>qui</strong></span> <span class='ocrx_word' id='word_1_147' title='bbox 236 1361 512 1425; x_wconf 77' lang='lat' dir='ltr'><strong>superstites</strong></span> <span class='ocrx_word' id='word_1_148' title='bbox 547 1368 679 1419; x_wconf 90' lang='lat' dir='ltr'><strong>sunt,</strong></span> <span class='ocrx_word' id='word_1_149' title='bbox 734 1367 1029 1409; x_wconf 88' lang='lat' dir='ltr'><strong>mortuorum</strong></span> <span class='ocrx_word' id='word_1_150' title='bbox 1067 1359 1244 1427; x_wconf 75' lang='lat' dir='ltr'><strong>dialogi</strong></span> <span class='ocrx_word' id='word_1_151' title='bbox 1282 1379 1444 1410; x_wconf 89' lang='lat' dir='ltr'><strong>omnes</strong></span> <span class='ocrx_word' id='word_1_152' title='bbox 1479 1360 1701 1428; x_wconf 75' lang='lat' dir='ltr'><strong>leg-untur</strong></span> <span class='ocrx_word' id='word_1_153' title='bbox 1734 1362 1782 1410; x_wconf 90' lang='lat' dir='ltr'><strong>in</strong></span> <span class='ocrx_word' id='word_1_154' title='bbox 1817 1358 2178 1412; x_wconf 81' lang='lat' dir='ltr'><strong>Vindobonensi</strong></span> <span class='ocrx_word' id='word_1_155' title='bbox 2211 1359 2274 1419; x_wconf 88' lang='grc' dir='ltr'><strong>Β,</strong></span> <span class='ocrx_word' id='word_1_156' title='bbox 2307 1357 2417 1408; x_wconf 83' lang='lat' dir='ltr'><strong>Mo-</strong></span> 
     </span>
     <span class='ocr_line' id='line_1_20' title="bbox 116 1449 2412 1516; baseline 0 -18"><span class='ocrx_word' id='word_1_157' title='bbox 116 1453 304 1499; x_wconf 86' lang='lat' dir='ltr'><strong>nacensi</strong></span> <span class='ocrx_word' id='word_1_158' title='bbox 341 1450 407 1509; x_wconf 84' lang='lat'><strong>0,</strong></span> <span class='ocrx_word' id='word_1_159' title='bbox 443 1453 667 1499; x_wconf 79' lang='lat' dir='ltr'><strong>Parisino</strong></span> <span class='ocrx_word' id='word_1_160' title='bbox 703 1451 787 1511; x_wconf 82' lang='grc' dir='ltr'><strong>Μ;</strong></span> <span class='ocrx_word' id='word_1_161' title='bbox 840 1451 900 1498; x_wconf 90' lang='lat' dir='ltr'><strong>de</strong></span> <span class='ocrx_word' id='word_1_162' title='bbox 932 1453 1126 1500; x_wconf 83' lang='lat' dir='ltr'><strong>Venetis</strong></span> <span class='ocrx_word' id='word_1_163' title='bbox 1176 1471 1342 1516; x_wconf 86' lang='lat' dir='ltr'><strong>parum</strong></span> <span class='ocrx_word' id='word_1_164' title='bbox 1388 1460 1586 1501; x_wconf 84' lang='lat' dir='ltr'><strong>constat.</strong></span> <span class='ocrx_word' id='word_1_165' title='bbox 1657 1451 1841 1501; x_wconf 71' lang='lat' dir='ltr'><strong>Contra</strong></span> <span class='ocrx_word' id='word_1_166' title='bbox 1883 1453 1931 1500; x_wconf 90' lang='lat' dir='ltr'><strong>in</strong></span> <span class='ocrx_word' id='word_1_167' title='bbox 1978 1450 2059 1499; x_wconf 68' lang='grc' dir='ltr'><strong>Α2</strong></span> <span class='ocrx_word' id='word_1_168' title='bbox 2097 1449 2170 1499; x_wconf 72' lang='lat'><strong>(2²</strong></span> <span class='ocrx_word' id='word_1_169' title='bbox 2206 1451 2265 1509; x_wconf 84' lang='lat' dir='ltr'><strong>F,</strong></span> <span class='ocrx_word' id='word_1_170' title='bbox 2317 1468 2412 1499; x_wconf 91' lang='lat' dir='ltr'><strong>non</strong></span> 
     </span>
     <span class='ocr_line' id='line_1_21' title="bbox 114 1541 2404 1608; baseline 0 -20"><span class='ocrx_word' id='word_1_171' title='bbox 114 1543 280 1605; x_wconf 86' lang='lat' dir='ltr'><strong>paucis</strong></span> <span class='ocrx_word' id='word_1_172' title='bbox 315 1543 517 1599; x_wconf 88' lang='lat' dir='ltr'><strong>omissis,</strong></span> <span class='ocrx_word' id='word_1_173' title='bbox 553 1541 722 1606; x_wconf 87' lang='lat' dir='ltr'><strong>reliqui</strong></span> <span class='ocrx_word' id='word_1_174' title='bbox 757 1542 883 1589; x_wconf 87' lang='lat' dir='ltr'><strong>bunc</strong></span> <span class='ocrx_word' id='word_1_175' title='bbox 916 1544 963 1588; x_wconf 88' lang='lat' dir='ltr'><strong>in</strong></span> <span class='ocrx_word' id='word_1_176' title='bbox 1000 1542 1191 1589; x_wconf 89' lang='lat' dir='ltr'><strong>modum</strong></span> <span class='ocrx_word' id='word_1_177' title='bbox 1227 1542 1445 1607; x_wconf 86' lang='lat' dir='ltr'><strong>dispositi</strong></span> <span class='ocrx_word' id='word_1_178' title='bbox 1481 1544 1707 1608; x_wconf 83' lang='lat' dir='ltr'><strong>sunt¹4):</strong></span> <span class='ocrx_word' id='word_1_179' title='bbox 1743 1545 1824 1591; x_wconf 92' lang='grc'><strong>22.</strong></span> <span class='ocrx_word' id='word_1_180' title='bbox 1860 1545 1941 1591; x_wconf 91' lang='grc'><strong>21.</strong></span> <span class='ocrx_word' id='word_1_181' title='bbox 1980 1543 2056 1589; x_wconf 86' lang='grc'><strong>18.</strong></span> <span class='ocrx_word' id='word_1_182' title='bbox 2094 1543 2171 1590; x_wconf 82' lang='lat' dir='ltr'><strong>lo.</strong></span> <span class='ocrx_word' id='word_1_183' title='bbox 2208 1543 2285 1589; x_wconf 91' lang='lat' dir='ltr'><strong>ll.</strong></span> <span class='ocrx_word' id='word_1_184' title='bbox 2323 1544 2404 1589; x_wconf 88' lang='grc'><strong>27.</strong></span> 
     </span>
     <span class='ocr_line' id='line_1_22' title="bbox 115 1627 2412 1700; baseline 0 -20"><span class='ocrx_word' id='word_1_185' title='bbox 115 1633 197 1681; x_wconf 81' lang='grc'><strong>29.</strong></span> <span class='ocrx_word' id='word_1_186' title='bbox 232 1634 312 1681; x_wconf 78' lang='lat'><strong>3⁰.</strong></span> <span class='ocrx_word' id='word_1_187' title='bbox 352 1634 429 1681; x_wconf 86' lang='grc'><strong>12.</strong></span> <span class='ocrx_word' id='word_1_188' title='bbox 464 1635 544 1683; x_wconf 77' lang='grc'><strong>23.</strong></span> <span class='ocrx_word' id='word_1_189' title='bbox 579 1634 659 1681; x_wconf 83' lang='grc'><strong>25.</strong></span> <span class='ocrx_word' id='word_1_190' title='bbox 730 1633 863 1682; x_wconf 85' lang='lat' dir='ltr'><strong>Idem</strong></span> <span class='ocrx_word' id='word_1_191' title='bbox 908 1633 1247 1681; x_wconf 85' lang='lat' dir='ltr'><strong>animadvertes</strong></span> <span class='ocrx_word' id='word_1_192' title='bbox 1298 1635 1344 1680; x_wconf 92' lang='lat' dir='ltr'><strong>in</strong></span> <span class='ocrx_word' id='word_1_193' title='bbox 1389 1634 1542 1682; x_wconf 87' lang='lat' dir='ltr'><strong>Dial.</strong></span> <span class='ocrx_word' id='word_1_194' title='bbox 1592 1627 1863 1694; x_wconf 65' lang='lat' dir='ltr'><strong>marinis,</strong></span> <span class='ocrx_word' id='word_1_195' title='bbox 1912 1651 2117 1700; x_wconf 88' lang='lat' dir='ltr'><strong>qnorum</strong></span> <span class='ocrx_word' id='word_1_196' title='bbox 2162 1631 2412 1681; x_wconf 78' lang='lat' dir='ltr'><strong>collocatio</strong></span> 
     </span>
     <span class='ocr_line' id='line_1_23' title="bbox 119 1723 2413 1790; baseline -0.001 -18"><span class='ocrx_word' id='word_1_197' title='bbox 119 1725 167 1772; x_wconf 92' lang='lat' dir='ltr'><strong>in</strong></span> <span class='ocrx_word' id='word_1_198' title='bbox 215 1723 296 1772; x_wconf 80' lang='lat' dir='ltr'><strong>A²</strong></span> <span class='ocrx_word' id='word_1_199' title='bbox 335 1723 417 1772; x_wconf 63' lang='grc' dir='ltr'><strong>Οἳ</strong></span> <span class='ocrx_word' id='word_1_200' title='bbox 454 1725 497 1772; x_wconf 84' lang='lat' dir='ltr'><strong>F</strong></span> <span class='ocrx_word' id='word_1_201' title='bbox 531 1741 556 1772; x_wconf 88' lang='lat' dir='ltr'><strong>a</strong></span> <span class='ocrx_word' id='word_1_202' title='bbox 602 1723 788 1790; x_wconf 75' lang='lat' dir='ltr'><strong>vulgari</strong></span> <span class='ocrx_word' id='word_1_203' title='bbox 837 1726 901 1771; x_wconf 87' lang='lat' dir='ltr'><strong>ita</strong></span> <span class='ocrx_word' id='word_1_204' title='bbox 947 1723 1208 1788; x_wconf 83' lang='lat' dir='ltr'><strong>discrepat:</strong></span> <span class='ocrx_word' id='word_1_205' title='bbox 1259 1727 1302 1774; x_wconf 91' lang='lat' dir='ltr'><strong>l.</strong></span> <span class='ocrx_word' id='word_1_206' title='bbox 1337 1725 1383 1772; x_wconf 89' lang='lat'><strong>2.</strong></span> <span class='ocrx_word' id='word_1_207' title='bbox 1420 1727 1466 1772; x_wconf 81' lang='lat'><strong>3.</strong></span> <span class='ocrx_word' id='word_1_208' title='bbox 1500 1726 1547 1772; x_wconf 83' lang='grc'>4.</span> <span class='ocrx_word' id='word_1_209' title='bbox 1581 1726 1628 1773; x_wconf 87' lang='grc'>8.</span> <span class='ocrx_word' id='word_1_210' title='bbox 1662 1726 1709 1773; x_wconf 85' lang='grc'>9.</span> <span class='ocrx_word' id='word_1_211' title='bbox 1744 1726 1791 1772; x_wconf 88' lang='lat'><strong>5.</strong></span> <span class='ocrx_word' id='word_1_212' title='bbox 1826 1726 1873 1771; x_wconf 78' lang='lat'><strong>6.</strong></span> <span class='ocrx_word' id='word_1_213' title='bbox 1911 1726 1988 1772; x_wconf 84' lang='lat'><strong>10.</strong></span> <span class='ocrx_word' id='word_1_214' title='bbox 2024 1726 2069 1770; x_wconf 86' lang='lat'><strong>7.</strong></span> <span class='ocrx_word' id='word_1_215' title='bbox 2108 1726 2184 1770; x_wconf 93' lang='grc'><strong>11.</strong></span> <span class='ocrx_word' id='word_1_216' title='bbox 2222 1725 2298 1770; x_wconf 89' lang='lat'><strong>12.</strong></span> <span class='ocrx_word' id='word_1_217' title='bbox 2336 1725 2413 1771; x_wconf 73' lang='lat'><strong>18.</strong></span> 
     </span>
     <span class='ocr_line' id='line_1_24' title="bbox 123 1816 318 1863; baseline -0.005 0"><span class='ocrx_word' id='word_1_218' title='bbox 123 1816 200 1863; x_wconf 74' lang='lat'><strong>14.</strong></span> <span class='ocrx_word' id='word_1_219' title='bbox 240 1817 318 1862; x_wconf 80' lang='lat'><strong>15.</strong></span> 
     </span>
    </p>

    <p class='ocr_par' dir='ltr' id='par_1_10' title="bbox 118 1905 2417 2790">
     <span class='ocr_line' id='line_1_25' title="bbox 290 1905 2415 1973; baseline 0.001 -21"><span class='ocrx_word' id='word_1_220' title='bbox 290 1905 437 1967; x_wconf 83' lang='lat' dir='ltr'><strong>Quod</strong></span> <span class='ocrx_word' id='word_1_221' title='bbox 483 1906 543 1953; x_wconf 88' lang='lat' dir='ltr'><strong>ad</strong></span> <span class='ocrx_word' id='word_1_222' title='bbox 591 1905 1018 1972; x_wconf 71' lang='lat' dir='ltr'><strong>Guelferbytanum</strong></span> <span class='ocrx_word' id='word_1_223' title='bbox 1065 1906 1251 1963; x_wconf 80' lang='lat' dir='ltr'><strong>attinet,</strong></span> <span class='ocrx_word' id='word_1_224' title='bbox 1289 1925 1344 1953; x_wconf 87' lang='lat' dir='ltr'><strong>ex</strong></span> <span class='ocrx_word' id='word_1_225' title='bbox 1380 1906 1493 1965; x_wconf 88' lang='lat' dir='ltr'><strong>hac,</strong></span> <span class='ocrx_word' id='word_1_226' title='bbox 1529 1923 1670 1972; x_wconf 85' lang='lat' dir='ltr'><strong>quam</strong></span> <span class='ocrx_word' id='word_1_227' title='bbox 1717 1905 1841 1965; x_wconf 90' lang='lat' dir='ltr'><strong>dedi,</strong></span> <span class='ocrx_word' id='word_1_228' title='bbox 1888 1907 2085 1973; x_wconf 73' lang='lat' dir='ltr'><strong>originis</strong></span> <span class='ocrx_word' id='word_1_229' title='bbox 2121 1907 2415 1970; x_wconf 79' lang='lat' dir='ltr'><strong>expositione</strong></span> 
     </span>
     <span class='ocr_line' id='line_1_26' title="bbox 119 1995 2410 2061; baseline 0 -17"><span class='ocrx_word' id='word_1_230' title='bbox 119 2000 318 2061; x_wconf 79' lang='lat' dir='ltr'><strong>exiguos</strong></span> <span class='ocrx_word' id='word_1_231' title='bbox 367 1996 428 2043; x_wconf 88' lang='lat' dir='ltr'><strong>ad</strong></span> <span class='ocrx_word' id='word_1_232' title='bbox 473 1995 829 2043; x_wconf 78' lang='lat' dir='ltr'><strong>reformandum</strong></span> <span class='ocrx_word' id='word_1_233' title='bbox 863 1996 1066 2043; x_wconf 89' lang='lat' dir='ltr'><strong>Luciani</strong></span> <span class='ocrx_word' id='word_1_234' title='bbox 1113 2004 1290 2043; x_wconf 82' lang='lat' dir='ltr'><strong>textum</strong></span> <span class='ocrx_word' id='word_1_235' title='bbox 1334 1997 1518 2044; x_wconf 76' lang='lat' dir='ltr'><strong>fructus</strong></span> <span class='ocrx_word' id='word_1_236' title='bbox 1557 1998 1859 2061; x_wconf 83' lang='lat' dir='ltr'><strong>percipimus,</strong></span> <span class='ocrx_word' id='word_1_237' title='bbox 1892 1998 2070 2061; x_wconf 89' lang='lat' dir='ltr'><strong>quippe</strong></span> <span class='ocrx_word' id='word_1_238' title='bbox 2104 2013 2211 2043; x_wconf 91' lang='lat' dir='ltr'><strong>cum</strong></span> <span class='ocrx_word' id='word_1_239' title='bbox 2246 2011 2410 2044; x_wconf 79' lang='lat' dir='ltr'><strong>onmes</strong></span> 
     </span>
     <span class='ocr_line' id='line_1_27' title="bbox 120 2084 2415 2153; baseline 0 -19"><span class='ocrx_word' id='word_1_240' title='bbox 120 2088 326 2135; x_wconf 88' lang='lat' dir='ltr'><strong>editores</strong></span> <span class='ocrx_word' id='word_1_241' title='bbox 361 2087 464 2151; x_wconf 88' lang='lat' dir='ltr'><strong>ejus</strong></span> <span class='ocrx_word' id='word_1_242' title='bbox 500 2089 755 2153; x_wconf 83' lang='lat' dir='ltr'><strong>nequitiam</strong></span> <span class='ocrx_word' id='word_1_243' title='bbox 792 2088 1083 2151; x_wconf 75' lang='lat' dir='ltr'><strong>agnoverint.</strong></span> <span class='ocrx_word' id='word_1_244' title='bbox 1153 2086 1310 2147; x_wconf 87' lang='lat' dir='ltr'><strong>Quam</strong></span> <span class='ocrx_word' id='word_1_245' title='bbox 1349 2084 1411 2134; x_wconf 92' lang='lat' dir='ltr'><strong>ob</strong></span> <span class='ocrx_word' id='word_1_246' title='bbox 1448 2105 1546 2135; x_wconf 91' lang='lat' dir='ltr'><strong>rem</strong></span> <span class='ocrx_word' id='word_1_247' title='bbox 1581 2087 1754 2153; x_wconf 75' lang='lat' dir='ltr'><strong>longus</strong></span> <span class='ocrx_word' id='word_1_248' title='bbox 1789 2106 1892 2136; x_wconf 90' lang='lat' dir='ltr'><strong>esse</strong></span> <span class='ocrx_word' id='word_1_249' title='bbox 1924 2086 2054 2145; x_wconf 77' lang='lat' dir='ltr'><strong>nolo,</strong></span> <span class='ocrx_word' id='word_1_250' title='bbox 2105 2094 2182 2146; x_wconf 93' lang='lat' dir='ltr'><strong>ut,</strong></span> <span class='ocrx_word' id='word_1_251' title='bbox 2227 2087 2277 2135; x_wconf 89' lang='lat' dir='ltr'><strong>in</strong></span> <span class='ocrx_word' id='word_1_252' title='bbox 2312 2088 2415 2152; x_wconf 87' lang='lat' dir='ltr'><strong>qui-</strong></span> 
     </span>
     <span class='ocr_line' id='line_1_28' title="bbox 118 2176 2413 2242; baseline 0 -17"><span class='ocrx_word' id='word_1_253' title='bbox 118 2176 320 2225; x_wconf 88' lang='lat' dir='ltr'><strong>busnam</strong></span> <span class='ocrx_word' id='word_1_254' title='bbox 356 2176 526 2224; x_wconf 87' lang='lat' dir='ltr'><strong>libellis</strong></span> <span class='ocrx_word' id='word_1_255' title='bbox 561 2179 602 2224; x_wconf 78' lang='lat' dir='ltr'><strong>F</strong></span> <span class='ocrx_word' id='word_1_256' title='bbox 637 2179 735 2224; x_wconf 88' lang='lat' dir='ltr'><strong>sive</strong></span> <span class='ocrx_word' id='word_1_257' title='bbox 770 2176 912 2223; x_wconf 90' lang='lat' dir='ltr'><strong>solito</strong></span> <span class='ocrx_word' id='word_1_258' title='bbox 948 2176 1083 2240; x_wconf 86' lang='lat' dir='ltr'><strong>plura</strong></span> <span class='ocrx_word' id='word_1_259' title='bbox 1122 2194 1177 2223; x_wconf 85' lang='lat' dir='ltr'><strong>ex</strong></span> <span class='ocrx_word' id='word_1_260' title='bbox 1213 2176 1269 2224; x_wconf 89' lang='lat' dir='ltr'>M</span> <span class='ocrx_word' id='word_1_261' title='bbox 1304 2176 1633 2241; x_wconf 85' lang='lat' dir='ltr'><strong>depromserit,</strong></span> <span class='ocrx_word' id='word_1_262' title='bbox 1668 2179 1766 2226; x_wconf 89' lang='lat' dir='ltr'><strong>sive</strong></span> <span class='ocrx_word' id='word_1_263' title='bbox 1799 2186 1928 2226; x_wconf 85' lang='lat' dir='ltr'><strong>totus</strong></span> <span class='ocrx_word' id='word_1_264' title='bbox 1962 2196 2019 2226; x_wconf 84' lang='lat' dir='ltr'><strong>ex</strong></span> <span class='ocrx_word' id='word_1_265' title='bbox 2063 2179 2170 2242; x_wconf 88' lang='lat' dir='ltr'><strong>ipso</strong></span> <span class='ocrx_word' id='word_1_266' title='bbox 2206 2176 2413 2242; x_wconf 88' lang='lat' dir='ltr'><strong>descrip-</strong></span> 
     </span>
     <span class='ocr_line' id='line_1_29' title="bbox 121 2261 2414 2333; baseline 0 -16"><span class='ocrx_word' id='word_1_267' title='bbox 121 2278 198 2319; x_wconf 83' lang='lat' dir='ltr'><strong>tus</strong></span> <span class='ocrx_word' id='word_1_268' title='bbox 235 2286 339 2317; x_wconf 87' lang='lat' dir='ltr'><strong>esse</strong></span> <span class='ocrx_word' id='word_1_269' title='bbox 372 2267 612 2326; x_wconf 82' lang='lat' dir='ltr'><strong>videatur,</strong></span> <span class='ocrx_word' id='word_1_270' title='bbox 647 2266 897 2333; x_wconf 74' lang='lat' dir='ltr'><strong>indagem,</strong></span> <span class='ocrx_word' id='word_1_271' title='bbox 946 2268 1221 2332; x_wconf 84' lang='lat' dir='ltr'><strong>praesertim</strong></span> <span class='ocrx_word' id='word_1_272' title='bbox 1257 2286 1361 2315; x_wconf 90' lang='lat' dir='ltr'><strong>cum</strong></span> <span class='ocrx_word' id='word_1_273' title='bbox 1402 2267 1531 2333; x_wconf 89' lang='lat' dir='ltr'><strong>justa</strong></span> <span class='ocrx_word' id='word_1_274' title='bbox 1568 2268 1776 2317; x_wconf 87' lang='lat' dir='ltr'><strong>Parisini</strong></span> <span class='ocrx_word' id='word_1_275' title='bbox 1812 2261 2001 2317; x_wconf 74' lang='lat' dir='ltr'><strong>collatio</strong></span> <span class='ocrx_word' id='word_1_276' title='bbox 2038 2267 2186 2332; x_wconf 81' lang='lat' dir='ltr'><strong>desit3</strong></span> <span class='ocrx_word' id='word_1_277' title='bbox 2245 2267 2330 2317; x_wconf 89' lang='lat' dir='ltr'><strong>sed</strong></span> <span class='ocrx_word' id='word_1_278' title='bbox 2364 2266 2414 2317; x_wconf 92' lang='lat' dir='ltr'><strong>id</strong></span> 
     </span>
     <span class='ocr_line' id='line_1_30' title="bbox 119 2357 2415 2425; baseline -0 -17"><span class='ocrx_word' id='word_1_279' title='bbox 119 2361 244 2420; x_wconf 93' lang='lat' dir='ltr'><strong>dico,</strong></span> <span class='ocrx_word' id='word_1_280' title='bbox 279 2362 328 2407; x_wconf 91' lang='lat' dir='ltr'><strong>in</strong></span> <span class='ocrx_word' id='word_1_281' title='bbox 366 2367 572 2407; x_wconf 87' lang='lat' dir='ltr'><strong>extrema</strong></span> <span class='ocrx_word' id='word_1_282' title='bbox 609 2357 971 2425; x_wconf 71' lang='lat' dir='ltr'><strong>Guelferbytani</strong></span> <span class='ocrx_word' id='word_1_283' title='bbox 1011 2367 1168 2423; x_wconf 87' lang='lat' dir='ltr'><strong>parte,</strong></span> <span class='ocrx_word' id='word_1_284' title='bbox 1214 2358 1323 2406; x_wconf 84' lang='lat' dir='ltr'><strong>inde</strong></span> <span class='ocrx_word' id='word_1_285' title='bbox 1368 2357 1429 2405; x_wconf 89' lang='lat' dir='ltr'><strong>ab</strong></span> <span class='ocrx_word' id='word_1_286' title='bbox 1465 2360 1590 2406; x_wconf 85' lang='lat' dir='ltr'><strong>exitu</strong></span> <span class='ocrx_word' id='word_1_287' title='bbox 1626 2359 2040 2425; x_wconf 67' lang='lat' dir='ltr'><strong>Dialogorum</strong></span> <span class='ocrx_word' id='word_1_288' title='bbox 2077 2359 2415 2424; x_wconf 77' lang='lat' dir='ltr'><strong>deorum15)</strong></span> 
     </span>
     <span class='ocr_line' id='line_1_31' title="bbox 119 2448 2417 2516; baseline -0 -17"><span class='ocrx_word' id='word_1_289' title='bbox 119 2452 265 2500; x_wconf 84' lang='lat' dir='ltr'><strong>hosce</strong></span> <span class='ocrx_word' id='word_1_290' title='bbox 308 2451 497 2499; x_wconf 84' lang='lat' dir='ltr'><strong>codices</strong></span> <span class='ocrx_word' id='word_1_291' title='bbox 545 2468 693 2514; x_wconf 89' lang='lat' dir='ltr'><strong>paene</strong></span> <span class='ocrx_word' id='word_1_292' title='bbox 741 2451 961 2516; x_wconf 85' lang='lat' dir='ltr'><strong>aequales</strong></span> <span class='ocrx_word' id='word_1_293' title='bbox 998 2468 1101 2498; x_wconf 87' lang='lat' dir='ltr'><strong>essc</strong></span> <span class='ocrx_word' id='word_1_294' title='bbox 1135 2448 1309 2508; x_wconf 89' lang='lat' dir='ltr'><strong>videri,</strong></span> <span class='ocrx_word' id='word_1_295' title='bbox 1355 2468 1460 2498; x_wconf 90' lang='lat' dir='ltr'><strong>cum</strong></span> <span class='ocrx_word' id='word_1_296' title='bbox 1496 2451 1542 2497; x_wconf 92' lang='lat' dir='ltr'><strong>in</strong></span> <span class='ocrx_word' id='word_1_297' title='bbox 1581 2449 1821 2514; x_wconf 86' lang='lat' dir='ltr'><strong>prioribus</strong></span> <span class='ocrx_word' id='word_1_298' title='bbox 1858 2449 2035 2499; x_wconf 82' lang='lat' dir='ltr'><strong>libellis</strong></span> <span class='ocrx_word' id='word_1_299' title='bbox 2064 2450 2171 2516; x_wconf 89' lang='lat' dir='ltr'><strong>plus</strong></span> <span class='ocrx_word' id='word_1_300' title='bbox 2204 2452 2417 2499; x_wconf 82' lang='lat' dir='ltr'><strong>minusve</strong></span> 
     </span>
     <span class='ocr_line' id='line_1_32' title="bbox 120 2540 2416 2607; baseline -0 -16"><span class='ocrx_word' id='word_1_301' title='bbox 120 2544 478 2607; x_wconf 89' lang='lat' dir='ltr'><strong>discrepuerint.</strong></span> <span class='ocrx_word' id='word_1_302' title='bbox 534 2542 702 2606; x_wconf 87' lang='lat' dir='ltr'><strong>ltaque</strong></span> <span class='ocrx_word' id='word_1_303' title='bbox 735 2545 783 2589; x_wconf 91' lang='lat' dir='ltr'><strong>in</strong></span> <span class='ocrx_word' id='word_1_304' title='bbox 819 2551 1078 2599; x_wconf 89' lang='lat' dir='ltr'><strong>stemmate,</strong></span> <span class='ocrx_word' id='word_1_305' title='bbox 1112 2540 1243 2606; x_wconf 87' lang='lat' dir='ltr'><strong>quod</strong></span> <span class='ocrx_word' id='word_1_306' title='bbox 1271 2540 1591 2606; x_wconf 87' lang='lat' dir='ltr'><strong>subsequitur,</strong></span> <span class='ocrx_word' id='word_1_307' title='bbox 1628 2543 1833 2590; x_wconf 89' lang='lat' dir='ltr'><strong>numeris</strong></span> <span class='ocrx_word' id='word_1_308' title='bbox 1862 2543 2095 2606; x_wconf 86' lang='lat' dir='ltr'><strong>appositis</strong></span> <span class='ocrx_word' id='word_1_309' title='bbox 2124 2543 2216 2606; x_wconf 65' lang='grc' dir='ltr'><strong>(Ι1η</strong></span> <span class='ocrx_word' id='word_1_310' title='bbox 2250 2550 2297 2590; x_wconf 92' lang='lat' dir='ltr'><strong>et</strong></span> <span class='ocrx_word' id='word_1_311' title='bbox 2313 2542 2416 2606; x_wconf 56' lang='lat'><strong>1⁴¹²)</strong></span> 
     </span>
     <span class='ocr_line' id='line_1_33' title="bbox 119 2630 2416 2699; baseline -0.002 -16"><span class='ocrx_word' id='word_1_312' title='bbox 119 2634 359 2692; x_wconf 83' lang='lat' dir='ltr'><strong>indicabo,</strong></span> <span class='ocrx_word' id='word_1_313' title='bbox 409 2632 547 2680; x_wconf 89' lang='lat' dir='ltr'><strong>aliter</strong></span> <span class='ocrx_word' id='word_1_314' title='bbox 582 2650 685 2679; x_wconf 85' lang='lat' dir='ltr'><strong>esse</strong></span> <span class='ocrx_word' id='word_1_315' title='bbox 719 2635 765 2680; x_wconf 91' lang='lat' dir='ltr'><strong>in</strong></span> <span class='ocrx_word' id='word_1_316' title='bbox 801 2632 904 2680; x_wconf 89' lang='lat' dir='ltr'><strong>aliis</strong></span> <span class='ocrx_word' id='word_1_317' title='bbox 942 2632 1112 2680; x_wconf 85' lang='lat' dir='ltr'><strong>libellis</strong></span> <span class='ocrx_word' id='word_1_318' title='bbox 1149 2630 1208 2681; x_wconf 92' lang='lat' dir='ltr'><strong>de</strong></span> <span class='ocrx_word' id='word_1_319' title='bbox 1243 2630 1335 2680; x_wconf 89' lang='lat' dir='ltr'><strong>hoc</strong></span> <span class='ocrx_word' id='word_1_320' title='bbox 1369 2631 1532 2680; x_wconf 89' lang='lat' dir='ltr'><strong>codice</strong></span> <span class='ocrx_word' id='word_1_321' title='bbox 1559 2632 1886 2698; x_wconf 85' lang='lat' dir='ltr'><strong>judicandum,</strong></span> <span class='ocrx_word' id='word_1_322' title='bbox 1923 2651 2210 2699; x_wconf 82' lang='lat' dir='ltr'><strong>quamquam</strong></span> <span class='ocrx_word' id='word_1_323' title='bbox 2245 2631 2416 2680; x_wconf 87' lang='lat' dir='ltr'><strong>discer-</strong></span> 
     </span>
     <span class='ocr_line' id='line_1_34' title="bbox 120 2722 1761 2790; baseline -0.001 -16"><span class='ocrx_word' id='word_1_324' title='bbox 120 2744 233 2774; x_wconf 90' lang='lat' dir='ltr'><strong>nere</strong></span> <span class='ocrx_word' id='word_1_325' title='bbox 268 2743 364 2772; x_wconf 90' lang='lat' dir='ltr'><strong>non</strong></span> <span class='ocrx_word' id='word_1_326' title='bbox 401 2723 573 2782; x_wconf 88' lang='lat' dir='ltr'><strong>audeo,</strong></span> <span class='ocrx_word' id='word_1_327' title='bbox 610 2725 772 2789; x_wconf 89' lang='lat' dir='ltr'><strong>quanti</strong></span> <span class='ocrx_word' id='word_1_328' title='bbox 808 2725 855 2771; x_wconf 92' lang='lat' dir='ltr'><strong>in</strong></span> <span class='ocrx_word' id='word_1_329' title='bbox 891 2723 1090 2790; x_wconf 72' lang='lat' dir='ltr'><strong>singulis</strong></span> <span class='ocrx_word' id='word_1_330' title='bbox 1125 2722 1298 2771; x_wconf 86' lang='lat' dir='ltr'><strong>libellis</strong></span> <span class='ocrx_word' id='word_1_331' title='bbox 1332 2722 1651 2772; x_wconf 88' lang='lat' dir='ltr'><strong>aestimandus</strong></span> <span class='ocrx_word' id='word_1_332' title='bbox 1686 2725 1761 2772; x_wconf 90' lang='lat' dir='ltr'><strong>sit.</strong></span> 
     </span>
    </p>

    <p class='ocr_par' dir='ltr' id='par_1_11' title="bbox 116 2812 2420 3059">
     <span class='ocr_line' id='line_1_35' title="bbox 291 2812 2414 2879; baseline -0.001 -16"><span class='ocrx_word' id='word_1_333' title='bbox 291 2816 367 2864; x_wconf 86' lang='lat' dir='ltr'><strong>Eo</strong></span> <span class='ocrx_word' id='word_1_334' title='bbox 412 2813 610 2879; x_wconf 84' lang='lat' dir='ltr'><strong>majoris</strong></span> <span class='ocrx_word' id='word_1_335' title='bbox 660 2821 730 2862; x_wconf 89' lang='lat' dir='ltr'><strong>est</strong></span> <span class='ocrx_word' id='word_1_336' title='bbox 766 2815 988 2862; x_wconf 87' lang='lat' dir='ltr'><strong>momenti</strong></span> <span class='ocrx_word' id='word_1_337' title='bbox 1036 2813 1128 2862; x_wconf 87' lang='lat' dir='ltr'><strong>hoc</strong></span> <span class='ocrx_word' id='word_1_338' title='bbox 1162 2815 1401 2862; x_wconf 89' lang='lat' dir='ltr'><strong>inventum</strong></span> <span class='ocrx_word' id='word_1_339' title='bbox 1436 2830 1590 2861; x_wconf 88' lang='lat' dir='ltr'><strong>meum</strong></span> <span class='ocrx_word' id='word_1_340' title='bbox 1626 2815 1674 2861; x_wconf 90' lang='lat' dir='ltr'><strong>in</strong></span> <span class='ocrx_word' id='word_1_341' title='bbox 1710 2812 1979 2862; x_wconf 89' lang='lat' dir='ltr'><strong>Gorlicensi</strong></span> <span class='ocrx_word' id='word_1_342' title='bbox 2014 2820 2158 2878; x_wconf 86' lang='lat' dir='ltr'><strong>atque</strong></span> <span class='ocrx_word' id='word_1_343' title='bbox 2191 2812 2414 2861; x_wconf 86' lang='lat' dir='ltr'><strong>Parisino</strong></span> 
     </span>
     <span class='ocr_line' id='line_1_36' title="bbox 119 2901 2420 2968; baseline -0.002 -14"><span class='ocrx_word' id='word_1_344' title='bbox 119 2906 177 2964; x_wconf 91' lang='lat' dir='ltr'><strong>C,</strong></span> <span class='ocrx_word' id='word_1_345' title='bbox 213 2925 321 2954; x_wconf 84' lang='lat' dir='ltr'><strong>nam</strong></span> <span class='ocrx_word' id='word_1_346' title='bbox 359 2923 522 2953; x_wconf 91' lang='lat' dir='ltr'><strong>omnes</strong></span> <span class='ocrx_word' id='word_1_347' title='bbox 568 2904 775 2953; x_wconf 87' lang='lat' dir='ltr'><strong>editores</strong></span> <span class='ocrx_word' id='word_1_348' title='bbox 820 2904 909 2952; x_wconf 86' lang='lat' dir='ltr'><strong>hos</strong></span> <span class='ocrx_word' id='word_1_349' title='bbox 956 2904 1167 2963; x_wconf 88' lang='lat' dir='ltr'><strong>codices,</strong></span> <span class='ocrx_word' id='word_1_350' title='bbox 1218 2905 1446 2968; x_wconf 89' lang='lat' dir='ltr'><strong>imprimis</strong></span> <span class='ocrx_word' id='word_1_351' title='bbox 1492 2912 1647 2953; x_wconf 88' lang='lat' dir='ltr'><strong>autem</strong></span> <span class='ocrx_word' id='word_1_352' title='bbox 1693 2902 2017 2953; x_wconf 85' lang='lat' dir='ltr'><strong>Gorlicensem</strong></span> <span class='ocrx_word' id='word_1_353' title='bbox 2063 2901 2183 2951; x_wconf 87' lang='lat' dir='ltr'><strong>adeo</strong></span> <span class='ocrx_word' id='word_1_354' title='bbox 2234 2918 2420 2967; x_wconf 79' lang='lat' dir='ltr'><strong>semper</strong></span> 
     </span>
     <span class='ocr_line' id='line_1_37' title="bbox 116 2991 2417 3059; baseline -0.002 -15"><span class='ocrx_word' id='word_1_355' title='bbox 116 2997 421 3055; x_wconf 87' lang='lat' dir='ltr'><strong>adamarunt,</strong></span> <span class='ocrx_word' id='word_1_356' title='bbox 467 3005 518 3044; x_wconf 88' lang='lat' dir='ltr'><strong>ut</strong></span> <span class='ocrx_word' id='word_1_357' title='bbox 557 2996 792 3043; x_wconf 86' lang='lat' dir='ltr'><strong>diversam</strong></span> <span class='ocrx_word' id='word_1_358' title='bbox 835 3012 939 3042; x_wconf 88' lang='lat' dir='ltr'><strong>esse</strong></span> <span class='ocrx_word' id='word_1_359' title='bbox 983 2994 1274 3043; x_wconf 85' lang='lat' dir='ltr'><strong>diversarum</strong></span> <span class='ocrx_word' id='word_1_360' title='bbox 1329 2995 1533 3059; x_wconf 89' lang='lat' dir='ltr'><strong>partium</strong></span> <span class='ocrx_word' id='word_1_361' title='bbox 1580 2993 1786 3041; x_wconf 83' lang='lat' dir='ltr'><strong>indolem</strong></span> <span class='ocrx_word' id='word_1_362' title='bbox 1818 2996 1895 3041; x_wconf 82' lang='lat' dir='ltr'><strong>vix</strong></span> <span class='ocrx_word' id='word_1_363' title='bbox 1934 2994 2195 3041; x_wconf 86' lang='lat' dir='ltr'><strong>somniasse</strong></span> <span class='ocrx_word' id='word_1_364' title='bbox 2230 2991 2417 3041; x_wconf 87' lang='lat' dir='ltr'><strong>videan-</strong></span> 
     </span>
    </p>
   </div>
   <div class='ocr_carea' id='block_1_9' title="bbox 117 3102 385 3108">
    <p class='ocr_par' dir='ltr' id='par_1_12' title="bbox 117 3102 385 3108">
     <span class='ocr_line' id='line_1_38' title="bbox 117 3102 385 3108; baseline 0 0"><span class='ocrx_word' id='word_1_365' title='bbox 117 3102 385 3108; x_wconf 95' lang='lat' dir='ltr'><strong> </strong></span> 
     </span>
    </p>
   </div>
  </div>
 </body>
</html>
